2534 4522
511 172 559 255 40

36 337 102 407 gua
123 329 265 401 utentes,
284 317 404 384 turrim
422 316 604 386 admodum
622 317 723 387 altam
739 333 778 387 ut
798 319 922 390 coeIum
935 347 1031 392 scau·

34 429 153 509 decent
181 431 406 513 exstruxisse3
432 457 555 527 quam,
578 435 669 502 venti
691 433 808 503 afflatu
835 435 916 504 deos
940 436 1034 531 deje-
1136 420 1144 435 ’

35 544 1031 640 cisse,peculiaremquesiugulissermonemtribuissc3hinc

35 661 152 730 urbem
166 661 371 755 Babylonem
393 662 695 757 csseappcllatam:
714 653 851 725 Σῖὅυλλα
878 651 915 726 δέ
938 683 1034 751 φησιν

34 783 199 872 ὁμοφώνων
224 779 320 847 ὄντων
346 778 471 846 πάντων
498 779 663 873 ἀνθρώπων
691 777 777 860 τινὰς
803 783 923 849 τούτων
952 786 1029 878 roip-

34 926 87 994 γον
95 895 292 987 ὑψηλότατον
303 888 519 988 οἰκοδομῆσαι,
538 902 620 976 ὅπως
638 899 678 976 εἰς
699 900 752 966 τὸν
768 902 892 993 οὐρανὸν
905 899 1032 970 α’ναὸῶ·

34 1042 92 1084 σιν·
112 1017 183 1095 τοὺς
204 1007 240 1082 δὲ
264 1017 348 1094 θεοὺς
373 1016 500 1109 ἀνέμους
526 1020 760 1110 ἐμφυσησαντας
782 1018 952 1113 ἀνατρέψαι
976 1023 1030 1089 τὸν

34 1140 162 1231 πύργον,
180 1136 232 1203 καὶ
249 1127 329 1202 ἰδίαν
343 1136 464 1223 ἑκάστῳ
482 1141 581 1230 φωνὴν
600 1129 717 1205 δοῦναι·
740 1128 789 1205 διὸ
807 1131 847 1214 δὴ
859 1137 1031 1208 Βαὸολῶνα

34 1256 92 1328 τὴν
109 1253 198 1320 πόλιν
216 1239 398 1342 κληθῆναι(
422 1240 448 1338 ).

83 1358 172 1426 Cum
198 1355 363 1448 Iosephus
378 1357 492 1423 omnia
521 1354 701 1450 diligenter
719 1357 926 1450 inquireret,
954 1385 1033 1453 quae

35 1496 138 1542 sacrae
156 1471 334 1564 scripturae
351 1460 588 1555 consonarent,
614 1471 685 1540 haec
702 1497 722 1540 a
740 1473 1032 1570 Pseudo-Polybi·

34 1602 124 1658 store
141 1599 315 1654 mutuatus
333 1599 383 1654 est
397 1610 503 1678 eaque
524 1587 557 1653 in
577 1585 686 1679 primo
706 1587 923 1659 Iudaicarum
936 1592 1029 1658 auti·

33 1704 201 1797 quitatum
217 1699 305 1769 Iibro
332 1698 377 1769 ad
397 1701 536 1768 verbum
557 1699 679 1770 retulit.
701 1701 792 1772 Male
813 1704 917 1798 igitur
933 1705 1031 1775 Dod-

34 1816 168 1887 wcilurn
182 1816 333 1910 arguisse
351 1816 422 1884 haec
437 1841 456 1883 a
472 1814 619 1908 Iosepho
636 1815 737 1884 fuisse
756 1819 1029 1913 conficta,appa-

35 1948 87 2002 ret
107 1958 148 2002 ex
163 1914 208 2000 ‘eo
235 1931 328 2025 quod
351 1932 419 2000 haec
456 1931 573 1999 eudem
599 1931 787 2026 fragmenta
821 1935 855 2002 in
881 1934 1032 2024 Pseudo-

34 2047 253 2145 Poiyhistoris
286 2046 374 2115 libro
404 2061 503 2116 antea
538 2061 717 2116 exstarent.
746 2052 898 2118 Fortasse
927 2050 1031 2142 subji-

33 2166 99 2234 cies
121 2164 193 2232 haec
215 2177 295 2230 ante
319 2160 563 2254 Polyhistorcm
587 2163 710 2254 scripta
729 2161 852 2251 fuisse,
868 2164 1030 2256 quoniam

33 2283 68 2348 in
102 2277 190 2348 libro
214 2278 313 2346 tertio
341 2275 575 2371 sibyllinorum
604 2276 839 2345 vaticiniorum
878 2278 1031 2347 carmina

34 2391 198 2463 nonnulla
220 2392 261 2460 dc
280 2392 382 2459 turris
415 2391 644 2460 exstructione
666 2389 826 2485 leguntur
850 2392 902 2487 (ε)
926 2418 934 2460 :
960 2418 1030 2486 quo

32 2534 112 2578 vcro
151 2523 303 2600 tempore
326 2504 481 2600 sibyllina
507 2506 656 2573 carmina
689 2519 824 2574 exarata
848 2506 976 2575 fuerint
996 2523 1031 2576 et

32 2624 108 2718 quis
134 2648 173 2693 eu
203 2621 339 2690 finxerit
366 2619 466 2715 plane
490 2621 667 2689 incertum.
694 2619 783 2688 lttud
805 2646 909 2689 unum
938 2637 1032 2714 patet

31 2738 103 2808 haec
121 2739 222 2809 Iuissc
243 2761 262 2805 a
287 2736 404 2805 Judaeo
422 2734 570 2827 quodam
597 2735 809 2827 graecissaute
828 2738 1031 2829 composita.
1098 2796 1103 2805 .

68 2940 111 3022 (ι)
125 2941 219 3020 Scrip.
228 2937 502 3000 Veter.Vatic.colI.
516 2935 554 2995 ab
565 2941 642 3013 ung.
650 2938 732 2994 Maio
743 2935 829 2996 edita.
844 2941 923 2996 VIII.
939 2959 965 3013 p.
985 2959 1034 3010 ¹7⁴·

74 3039 117 3117 (ο)
158 3035 229 3099 Ἀλλ’
241 3035 339 3095 ὁπόταν
355 3033 479 3113 μεγάλοιο
493 3034 563 3094 Θεοῦ
579 3031 721 3091 rotmiro
735 3034 843 3093 ἀπειλαὶ

160 3133 206 3198 “Aa
215 3132 275 3192 ποτ’
288 3131 452 3203 ἐπηπείλησε
471 3134 588 3212 βροτοῖς,
603 3128 629 3187 οἳ
639 3128 738 3211 πύργον
754 3128 858 3197 ἔτευξαν

161 3228 243 3311 Χώρῃ
258 3231 284 3287 ἐν
300 3227 440 3307 Ἀσσυρίῃ,
455 3226 587 3306 ὁμόφωνοι
597 3223 622 3283 δ’
633 3215 701 3296 ἦσαν
714 3225 830 3290 ἅπαντες

159 3325 215 3387 Καὶ
232 3324 350 3404 βούλητ’
360 3322 471 3395 ἀναὸῆν’
483 3327 519 3390 εἷς
534 3321 643 3404 οὐρανὸν
655 3319 828 3400 ἀστερόεντα

162 3423 264 3484 Αὐτίκα
279 3421 301 3480 δ’
320 3421 449 3488 ἀθάνατος
460 3419 598 3499 (μεγάλην
612 3417 740 3488 ἐπέθηκεν
756 3416 891 3497 ἀνάγκην)

158 3517 329 3598 Πνεύμασιν·
344 3515 426 3596 αὐτὰρ
438 3514 519 3574 ἔπειτ’
533 3514 624 3590 ἄνεμοι
637 3510 720 3590 μέγαν
731 3512 807 3593 ὑψόθι
821 3511 921 3596 πύργον

161 3616 257 3699 Ῥίψαν
268 3661 276 3689 ,
287 3614 333 3675 καὶ
345 3619 478 3686 θνητοῖσιν
494 3613 535 3670 ἐπ’
550 3609 675 3681 ἀλλήλοις
686 3608 740 3692 ἔριν
753 3599 841 3692 ὦρσαν
856 3636 862 3649 ·
964 3680 967 3687 ¹

159 3715 280 3777 Τούνεκοί
296 3735 337 3773 τοι
351 3711 500 3773 Βαὸυλῶνα
518 3708 604 3791 βροτοὶ
617 3706 692 3767 πόλει
707 3708 795 3786 οὔνομ’
806 3708 906 3769 ἔθεντο.

163 3812 251 3893 Αὐτὰρ
265 3812 322 3871 ἐπεὶ
336 3810 432 3891 πύργος
444 3807 469 3866 τ’
480 3806 557 3866 ἔπεσε
569 3805 693 3884 γλῶσσάν
709 3807 736 3865 τ’
746 3806 890 3889 ἀνθρώπων

164 3911 350 3977 Παντοδαπαῖς
368 3913 481 3991 coicior
494 3903 652 3987 διέστρεφον.
668 3929 693 3967 κ.
708 3929 735 3966 τ.
751 3906 778 3966 λ.
