<?xml version="1.0" encoding="UTF-8"?>
<!DOCTYPE html PUBLIC "-//W3C//DTD XHTML 1.0 Transitional//EN"
    "http://www.w3.org/TR/xhtml1/DTD/xhtml1-transitional.dtd">
<html xmlns="http://www.w3.org/1999/xhtml" xml:lang="en" lang="en">
 <head>
  <title>
</title>
<meta http-equiv="Content-Type" content="text/html;charset=utf-8" />
  <meta name='ocr-system' content='tesseract 3.04.00' />
  <meta name='ocr-capabilities' content='ocr_page ocr_carea ocr_par ocr_line ocrx_word'/>
</head>
<body>
  <div class='ocr_page' id='page_1' title='image "./deflaviijosephi00cruigoog_0061.png"; bbox 0 0 2534 4522; ppageno 0'>
   <div class='ocr_carea' id='block_1_1' title="bbox 128 206 1134 2973">
    <p class='ocr_par' dir='ltr' id='par_1_1' title="bbox 606 206 648 285">
     <span class='ocr_line' id='line_1_1' title="bbox 606 206 648 285; baseline -0.024 0"><span class='ocrx_word' id='word_1_1' title='bbox 606 206 648 285; x_wconf 67' lang='lat' dir='ltr'><strong>aa</strong></span> 
     </span>
    </p>

    <p class='ocr_par' dir='ltr' id='par_1_2' title="bbox 136 361 1134 549">
     <span class='ocr_line' id='line_1_2' title="bbox 138 361 1134 465; baseline 0.008 -35"><span class='ocrx_word' id='word_1_2' title='bbox 138 361 261 431; x_wconf 87' lang='lat' dir='ltr'><strong>claram</strong></span> <span class='ocrx_word' id='word_1_3' title='bbox 289 362 383 449; x_wconf 88' lang='lat' dir='ltr'><strong>dicit,</strong></span> <span class='ocrx_word' id='word_1_4' title='bbox 398 387 522 434; x_wconf 92' lang='lat' dir='ltr'><strong>nomen</strong></span> <span class='ocrx_word' id='word_1_5' title='bbox 551 364 653 433; x_wconf 86' lang='lat' dir='ltr'><strong>habet</strong></span> <span class='ocrx_word' id='word_1_6' title='bbox 683 363 863 435; x_wconf 82' lang='lat' dir='ltr'><strong>deductum</strong></span> <span class='ocrx_word' id='word_1_7' title='bbox 893 378 1014 464; x_wconf 53' lang='lat' dir='ltr'><strong>atjptt</strong></span> <span class='ocrx_word' id='word_1_8' title='bbox 1036 371 1134 465; x_wconf 88' lang='lat' dir='ltr'><strong>quod</strong></span> 
     </span>
     <span class='ocr_line' id='line_1_3' title="bbox 136 476 492 549; baseline 0 -3"><span class='ocrx_word' id='word_1_9' title='bbox 136 476 307 548; x_wconf 82' lang='lat' dir='ltr'>chaldaice</span> <span class='ocrx_word' id='word_1_10' title='bbox 325 477 415 549; x_wconf 83' lang='lat' dir='ltr'><strong>liber</strong></span> <span class='ocrx_word' id='word_1_11' title='bbox 430 491 492 549; x_wconf 84' lang='lat' dir='ltr'><strong>est.</strong></span> 
     </span>
    </p>

    <p class='ocr_par' dir='ltr' id='par_1_3' title="bbox 182 589 1101 691">
     <span class='ocr_line' id='line_1_4' title="bbox 182 589 1101 691; baseline 0.004 -27"><span class='ocrx_word' id='word_1_12' title='bbox 182 597 231 664; x_wconf 87' lang='lat' dir='ltr'><strong>Ex</strong></span> <span class='ocrx_word' id='word_1_13' title='bbox 249 594 301 664; x_wconf 90' lang='lat' dir='ltr'><strong>his</strong></span> <span class='ocrx_word' id='word_1_14' title='bbox 319 615 393 688; x_wconf 76' lang='lat' dir='ltr'><strong>quae</strong></span> <span class='ocrx_word' id='word_1_15' title='bbox 413 593 576 665; x_wconf 89' lang='lat' dir='ltr'><strong>hactenus</strong></span> <span class='ocrx_word' id='word_1_16' title='bbox 593 589 761 689; x_wconf 81' lang='lat' dir='ltr'>disputavi</span> <span class='ocrx_word' id='word_1_17' title='bbox 778 595 905 691; x_wconf 84' lang='lat' dir='ltr'><strong>liquere</strong></span> <span class='ocrx_word' id='word_1_18' title='bbox 926 599 1101 669; x_wconf 74' lang='lat' dir='ltr'><strong>arbitror:</strong></span> 
     </span>
    </p>

    <p class='ocr_par' dir='ltr' id='par_1_4' title="bbox 134 711 1133 1036">
     <span class='ocr_line' id='line_1_5' title="bbox 196 711 1133 808; baseline 0.007 -30"><span class='ocrx_word' id='word_1_19' title='bbox 196 718 229 779; x_wconf 82' lang='grc' dir='ltr'><strong>ιο</strong></span> <span class='ocrx_word' id='word_1_20' title='bbox 254 714 330 778; x_wconf 87' lang='lat' dir='ltr'><strong>Haec</strong></span> <span class='ocrx_word' id='word_1_21' title='bbox 349 711 536 806; x_wconf 82' lang='lat' dir='ltr'><strong>fragmenta</strong></span> <span class='ocrx_word' id='word_1_22' title='bbox 559 737 597 781; x_wconf 81' lang='lat' dir='ltr'><strong>ex</strong></span> <span class='ocrx_word' id='word_1_23' title='bbox 620 736 720 808; x_wconf 85' lang='lat' dir='ltr'><strong>opere</strong></span> <span class='ocrx_word' id='word_1_24' title='bbox 741 715 868 808; x_wconf 89' lang='lat' dir='ltr'><strong>spurio,</strong></span> <span class='ocrx_word' id='word_1_25' title='bbox 890 740 1011 808; x_wconf 82' lang='lat' dir='ltr'>nempe</span> <span class='ocrx_word' id='word_1_26' title='bbox 1031 741 1072 784; x_wconf 86' lang='lat' dir='ltr'><strong>ex</strong></span> <span class='ocrx_word' id='word_1_27' title='bbox 1093 714 1133 785; x_wconf 92' lang='lat' dir='ltr'><strong>li·</strong></span> 
     </span>
     <span class='ocr_line' id='line_1_6' title="bbox 134 825 1131 923; baseline 0.006 -28"><span class='ocrx_word' id='word_1_28' title='bbox 134 826 204 895; x_wconf 89' lang='lat' dir='ltr'><strong>bris</strong></span> <span class='ocrx_word' id='word_1_29' title='bbox 216 831 319 897; x_wconf 88' lang='lat' dir='ltr'><strong>Corn.</strong></span> <span class='ocrx_word' id='word_1_30' title='bbox 335 825 522 897; x_wconf 85' lang='lat' dir='ltr'><strong>Alexandro</strong></span> <span class='ocrx_word' id='word_1_31' title='bbox 536 827 725 922; x_wconf 88' lang='lat' dir='ltr'><strong>adscriptis,</strong></span> <span class='ocrx_word' id='word_1_32' title='bbox 733 827 907 923; x_wconf 91' lang='lat' dir='ltr'><strong>desumpta</strong></span> <span class='ocrx_word' id='word_1_33' title='bbox 917 831 1029 918; x_wconf 86' lang='lat' dir='ltr'><strong>fuisse,</strong></span> <span class='ocrx_word' id='word_1_34' title='bbox 1037 831 1131 900; x_wconf 89' lang='lat' dir='ltr'><strong>unde</strong></span> 
     </span>
     <span class='ocr_line' id='line_1_7' title="bbox 135 932 1036 1036; baseline 0.002 -26"><span class='ocrx_word' id='word_1_35' title='bbox 135 967 268 1011; x_wconf 89' lang='lat' dir='ltr'><strong>omnem</strong></span> <span class='ocrx_word' id='word_1_36' title='bbox 288 943 413 1011; x_wconf 86' lang='lat' dir='ltr'><strong>habent</strong></span> <span class='ocrx_word' id='word_1_37' title='bbox 433 968 498 1036; x_wconf 89' lang='lat' dir='ltr'><strong>qua</strong></span> <span class='ocrx_word' id='word_1_38' title='bbox 512 944 668 1012; x_wconf 91' lang='lat' dir='ltr'><strong>nituntur</strong></span> <span class='ocrx_word' id='word_1_39' title='bbox 685 932 931 1015; x_wconf 73' lang='lat' dir='ltr'><strong>auctoritatem}</strong></span> <span class='ocrx_word' id='word_1_40' title='bbox 1035 1009 1036 1012; x_wconf 74' lang='grc'>,</span> 
     </span>
    </p>

    <p class='ocr_par' dir='ltr' id='par_1_5' title="bbox 130 1058 1131 1842">
     <span class='ocr_line' id='line_1_8' title="bbox 187 1058 1129 1152; baseline 0.005 -25"><span class='ocrx_word' id='word_1_41' title='bbox 187 1071 222 1127; x_wconf 83' lang='lat'><strong>2⁰</strong></span> <span class='ocrx_word' id='word_1_42' title='bbox 238 1061 347 1130; x_wconf 90' lang='lat' dir='ltr'><strong>Nemo</strong></span> <span class='ocrx_word' id='word_1_43' title='bbox 373 1059 555 1128; x_wconf 81' lang='lat' dir='ltr'><strong>de&#39;Berosi</strong></span> <span class='ocrx_word' id='word_1_44' title='bbox 576 1058 703 1129; x_wconf 90' lang='lat' dir='ltr'><strong>diluvio</strong></span> <span class='ocrx_word' id='word_1_45' title='bbox 714 1061 919 1130; x_wconf 89' lang='lat' dir='ltr'><strong>mentionem</strong></span> <span class='ocrx_word' id='word_1_46' title='bbox 944 1061 1045 1152; x_wconf 86' lang='lat' dir='ltr'><strong>fecit,</strong></span> <span class='ocrx_word' id='word_1_47' title='bbox 1061 1063 1129 1132; x_wconf 88' lang='lat' dir='ltr'><strong>nisi</strong></span> 
     </span>
     <span class='ocr_line' id='line_1_9' title="bbox 130 1172 1130 1268; baseline 0.005 -27"><span class='ocrx_word' id='word_1_48' title='bbox 130 1175 189 1268; x_wconf 91' lang='lat' dir='ltr'><strong>qui</strong></span> <span class='ocrx_word' id='word_1_49' title='bbox 207 1173 301 1268; x_wconf 89' lang='lat' dir='ltr'><strong>prius</strong></span> <span class='ocrx_word' id='word_1_50' title='bbox 326 1173 361 1241; x_wconf 91' lang='lat' dir='ltr'><strong>iu</strong></span> <span class='ocrx_word' id='word_1_51' title='bbox 384 1172 577 1242; x_wconf 79' lang='lat' dir='ltr'><strong>Alexandro</strong></span> <span class='ocrx_word' id='word_1_52' title='bbox 604 1172 815 1267; x_wconf 88' lang='lat' dir='ltr'><strong>Polyhistore</strong></span> <span class='ocrx_word' id='word_1_53' title='bbox 840 1175 927 1245; x_wconf 87' lang='lat' dir='ltr'><strong>hanc</strong></span> <span class='ocrx_word' id='word_1_54' title='bbox 959 1178 1130 1246; x_wconf 86' lang='lat' dir='ltr'><strong>narratio-</strong></span> 
     </span>
     <span class='ocr_line' id='line_1_10' title="bbox 134 1286 1131 1380; baseline 0.004 -24"><span class='ocrx_word' id='word_1_55' title='bbox 134 1313 208 1356; x_wconf 87' lang='lat' dir='ltr'><strong>nem</strong></span> <span class='ocrx_word' id='word_1_56' title='bbox 219 1286 336 1380; x_wconf 85' lang='lat' dir='ltr'><strong>legerit</strong></span> <span class='ocrx_word' id='word_1_57' title='bbox 344 1301 375 1355; x_wconf 86' lang='lat' dir='ltr'><strong>et</strong></span> <span class='ocrx_word' id='word_1_58' title='bbox 385 1286 463 1354; x_wconf 91' lang='lat' dir='ltr'><strong>inde</strong></span> <span class='ocrx_word' id='word_1_59' title='bbox 476 1287 690 1380; x_wconf 84' lang='lat' dir='ltr'><strong>excerpserit.</strong></span> <span class='ocrx_word' id='word_1_60' title='bbox 702 1288 1131 1375; x_wconf 78' lang='lat' dir='ltr'><strong>Caeteriomnes,Taitianus</strong></span> 
     </span>
     <span class='ocr_line' id='line_1_11' title="bbox 131 1399 1128 1497; baseline 0.001 -24"><span class='ocrx_word' id='word_1_61' title='bbox 131 1402 188 1473; x_wconf 89' lang='lat' dir='ltr'><strong>ille</strong></span> <span class='ocrx_word' id='word_1_62' title='bbox 205 1403 372 1497; x_wconf 77' lang='lat' dir='ltr'><strong>Assyrius,</strong></span> <span class='ocrx_word' id='word_1_63' title='bbox 392 1400 548 1472; x_wconf 88' lang='lat' dir='ltr'><strong>Clemens</strong></span> <span class='ocrx_word' id='word_1_64' title='bbox 567 1399 829 1490; x_wconf 81' lang='lat' dir='ltr'><strong>Alexandrinus,</strong></span> <span class='ocrx_word' id='word_1_65' title='bbox 846 1403 1128 1490; x_wconf 83' lang='lat' dir='ltr'><strong>Africanus,0ri-</strong></span> 
     </span>
     <span class='ocr_line' id='line_1_12' title="bbox 132 1517 1128 1616; baseline 0.002 -28"><span class='ocrx_word' id='word_1_66' title='bbox 132 1544 245 1616; x_wconf 83' lang='lat' dir='ltr'><strong>genes,</strong></span> <span class='ocrx_word' id='word_1_67' title='bbox 263 1517 387 1588; x_wconf 88' lang='lat' dir='ltr'><strong>Celsus·</strong></span> <span class='ocrx_word' id='word_1_68' title='bbox 398 1542 564 1611; x_wconf 84' lang='lat' dir='ltr'><strong>nusquam</strong></span> <span class='ocrx_word' id='word_1_69' title='bbox 580 1517 980 1607; x_wconf 85' lang='lat' dir='ltr'><strong>Xisuthrimeminerunt,</strong></span> <span class='ocrx_word' id='word_1_70' title='bbox 999 1520 1058 1613; x_wconf 91' lang='lat' dir='ltr'><strong>qui</strong></span> <span class='ocrx_word' id='word_1_71' title='bbox 1072 1535 1128 1590; x_wconf 85' lang='lat' dir='ltr'><strong>ta-</strong></span> 
     </span>
     <span class='ocr_line' id='line_1_13' title="bbox 131 1632 1131 1729; baseline 0.002 -26"><span class='ocrx_word' id='word_1_72' title='bbox 131 1660 207 1704; x_wconf 90' lang='lat' dir='ltr'><strong>men</strong></span> <span class='ocrx_word' id='word_1_73' title='bbox 229 1634 371 1727; x_wconf 90' lang='lat' dir='ltr'><strong>hujusce</strong></span> <span class='ocrx_word' id='word_1_74' title='bbox 398 1632 561 1703; x_wconf 90' lang='lat' dir='ltr'><strong>diluvium</strong></span> <span class='ocrx_word' id='word_1_75' title='bbox 587 1632 677 1702; x_wconf 90' lang='lat' dir='ltr'><strong>haud</strong></span> <span class='ocrx_word' id='word_1_76' title='bbox 701 1635 1002 1728; x_wconf 86' lang='lat' dir='ltr'><strong>praetermisissent,</strong></span> <span class='ocrx_word' id='word_1_77' title='bbox 1019 1635 1046 1704; x_wconf 93' lang='lat' dir='ltr'><strong>si</strong></span> <span class='ocrx_word' id='word_1_78' title='bbox 1066 1661 1131 1729; x_wconf 88' lang='lat' dir='ltr'><strong>per</strong></span> 
     </span>
     <span class='ocr_line' id='line_1_14' title="bbox 130 1749 721 1842; baseline -0.005 -22"><span class='ocrx_word' id='word_1_79' title='bbox 130 1775 187 1820; x_wconf 85' lang='lat' dir='ltr'><strong>eos</strong></span> <span class='ocrx_word' id='word_1_80' title='bbox 207 1749 351 1818; x_wconf 83' lang='lat' dir='ltr'><strong>stetisset</strong></span> <span class='ocrx_word' id='word_1_81' title='bbox 372 1773 441 1818; x_wconf 88' lang='lat' dir='ltr'><strong>non</strong></span> <span class='ocrx_word' id='word_1_82' title='bbox 457 1749 721 1842; x_wconf 84' lang='lat' dir='ltr'><strong>praetermittere.</strong></span> 
     </span>
    </p>

    <p class='ocr_par' dir='ltr' id='par_1_6' title="bbox 131 1859 1130 2304">
     <span class='ocr_line' id='line_1_15' title="bbox 180 1859 1129 1962; baseline -0.001 -28"><span class='ocrx_word' id='word_1_83' title='bbox 180 1861 220 1934; x_wconf 80' lang='lat'><strong>3⁰</strong></span> <span class='ocrx_word' id='word_1_84' title='bbox 234 1866 320 1954; x_wconf 88' lang='lat' dir='ltr'><strong>Quae</strong></span> <span class='ocrx_word' id='word_1_85' title='bbox 335 1861 558 1958; x_wconf 86' lang='lat' dir='ltr'><strong>proferuntur</strong></span> <span class='ocrx_word' id='word_1_86' title='bbox 569 1861 611 1930; x_wconf 89' lang='lat' dir='ltr'><strong>ab</strong></span> <span class='ocrx_word' id='word_1_87' title='bbox 625 1859 814 1932; x_wconf 83' lang='lat' dir='ltr'><strong>Alexandro</strong></span> <span class='ocrx_word' id='word_1_88' title='bbox 826 1860 1048 1962; x_wconf 79' lang='lat' dir='ltr'><strong>Pulyhistore,</strong></span> <span class='ocrx_word' id='word_1_89' title='bbox 1061 1863 1129 1933; x_wconf 91' lang='lat' dir='ltr'><strong>sub</strong></span> 
     </span>
     <span class='ocr_line' id='line_1_16' title="bbox 131 1976 1130 2072; baseline 0 -24"><span class='ocrx_word' id='word_1_90' title='bbox 131 1979 387 2049; x_wconf 88' lang='lat' dir='ltr'><strong>nomineBerosi</strong></span> <span class='ocrx_word' id='word_1_91' title='bbox 400 1976 547 2072; x_wconf 82' lang='lat' dir='ltr'><strong>vulgata,</strong></span> <span class='ocrx_word' id='word_1_92' title='bbox 556 2001 633 2046; x_wconf 89' lang='lat' dir='ltr'><strong>curn</strong></span> <span class='ocrx_word' id='word_1_93' title='bbox 646 1977 688 2047; x_wconf 92' lang='lat' dir='ltr'><strong>iis</strong></span> <span class='ocrx_word' id='word_1_94' title='bbox 703 2002 778 2072; x_wconf 86' lang='lat' dir='ltr'><strong>quae</strong></span> <span class='ocrx_word' id='word_1_95' title='bbox 787 1977 998 2057; x_wconf 74' lang='lat' dir='ltr'><strong>tradiderunt</strong></span> <span class='ocrx_word' id='word_1_96' title='bbox 1007 1977 1049 2047; x_wconf 91' lang='lat' dir='ltr'><strong>de</strong></span> <span class='ocrx_word' id='word_1_97' title='bbox 1066 1981 1130 2048; x_wconf 92' lang='lat' dir='ltr'><strong>Be·</strong></span> 
     </span>
     <span class='ocr_line' id='line_1_17' title="bbox 131 2092 1129 2188; baseline 0.002 -26"><span class='ocrx_word' id='word_1_98' title='bbox 131 2118 208 2164; x_wconf 88' lang='lat' dir='ltr'><strong>roso</strong></span> <span class='ocrx_word' id='word_1_99' title='bbox 226 2094 329 2164; x_wconf 89' lang='lat' dir='ltr'><strong>Caius</strong></span> <span class='ocrx_word' id='word_1_100' title='bbox 342 2092 482 2180; x_wconf 88' lang='lat' dir='ltr'><strong>Plinius,</strong></span> <span class='ocrx_word' id='word_1_101' title='bbox 495 2094 715 2181; x_wconf 84' lang='lat' dir='ltr'><strong>Censorinus,</strong></span> <span class='ocrx_word' id='word_1_102' title='bbox 731 2093 917 2164; x_wconf 68' lang='lat' dir='ltr'><strong>Athenaeus</strong></span> <span class='ocrx_word' id='word_1_103' title='bbox 926 2108 1027 2188; x_wconf 89' lang='lat' dir='ltr'><strong>atque</strong></span> <span class='ocrx_word' id='word_1_104' title='bbox 1045 2092 1129 2164; x_wconf 90' lang='lat' dir='ltr'><strong>Cle·</strong></span> 
     </span>
     <span class='ocr_line' id='line_1_18' title="bbox 131 2207 1021 2304; baseline -0.002 -24"><span class='ocrx_word' id='word_1_105' title='bbox 131 2235 224 2280; x_wconf 89' lang='lat' dir='ltr'><strong>mens</strong></span> <span class='ocrx_word' id='word_1_106' title='bbox 234 2207 480 2279; x_wconf 85' lang='lat' dir='ltr'><strong>Alexandrinus</strong></span> <span class='ocrx_word' id='word_1_107' title='bbox 495 2208 631 2302; x_wconf 88' lang='lat' dir='ltr'><strong>penitus</strong></span> <span class='ocrx_word' id='word_1_108' title='bbox 648 2207 806 2276; x_wconf 87' lang='lat' dir='ltr'><strong>videntur</strong></span> <span class='ocrx_word' id='word_1_109' title='bbox 820 2208 1021 2304; x_wconf 77' lang='lat' dir='ltr'><strong>discrepare.</strong></span> 
     </span>
    </p>

    <p class='ocr_par' dir='ltr' id='par_1_7' title="bbox 128 2321 1128 2973">
     <span class='ocr_line' id='line_1_19' title="bbox 177 2321 1128 2417; baseline -0.001 -23"><span class='ocrx_word' id='word_1_110' title='bbox 177 2329 217 2411; x_wconf 67' lang='lat'><strong>4⁰</strong></span> <span class='ocrx_word' id='word_1_111' title='bbox 226 2329 267 2394; x_wconf 90' lang='lat' dir='ltr'><strong>ln</strong></span> <span class='ocrx_word' id='word_1_112' title='bbox 279 2324 332 2393; x_wconf 90' lang='lat' dir='ltr'><strong>his</strong></span> <span class='ocrx_word' id='word_1_113' title='bbox 347 2323 465 2391; x_wconf 89' lang='lat' dir='ltr'><strong>iisdem</strong></span> <span class='ocrx_word' id='word_1_114' title='bbox 487 2321 697 2417; x_wconf 84' lang='lat' dir='ltr'><strong>fragmentis,</strong></span> <span class='ocrx_word' id='word_1_115' title='bbox 713 2326 855 2392; x_wconf 87' lang='lat' dir='ltr'><strong>Berosus</strong></span> <span class='ocrx_word' id='word_1_116' title='bbox 874 2323 1012 2392; x_wconf 90' lang='lat' dir='ltr'><strong>omuino</strong></span> <span class='ocrx_word' id='word_1_117' title='bbox 1034 2335 1128 2393; x_wconf 87' lang='lat' dir='ltr'><strong>tacet</strong></span> 
     </span>
     <span class='ocr_line' id='line_1_20' title="bbox 130 2435 1127 2536; baseline -0.005 -25"><span class='ocrx_word' id='word_1_118' title='bbox 130 2440 333 2511; x_wconf 88' lang='lat' dir='ltr'><strong>desiderum</strong></span> <span class='ocrx_word' id='word_1_119' title='bbox 355 2438 448 2509; x_wconf 84' lang='lat' dir='ltr'><strong>cultu</strong></span> <span class='ocrx_word' id='word_1_120' title='bbox 468 2464 509 2507; x_wconf 85' lang='lat' dir='ltr'><strong>ex</strong></span> <span class='ocrx_word' id='word_1_121' title='bbox 523 2463 592 2532; x_wconf 89' lang='lat' dir='ltr'><strong>quo</strong></span> <span class='ocrx_word' id='word_1_122' title='bbox 610 2437 715 2536; x_wconf 89' lang='lat' dir='ltr'><strong>liquet</strong></span> <span class='ocrx_word' id='word_1_123' title='bbox 731 2463 865 2507; x_wconf 91' lang='lat' dir='ltr'><strong>omnem</strong></span> <span class='ocrx_word' id='word_1_124' title='bbox 885 2435 1127 2509; x_wconf 83' lang='lat' dir='ltr'><strong>Chaldaeorum</strong></span> 
     </span>
     <span class='ocr_line' id='line_1_21' title="bbox 129 2550 1126 2651; baseline -0.004 -25"><span class='ocrx_word' id='word_1_125' title='bbox 129 2555 323 2651; x_wconf 79' lang='lat' dir='ltr'><strong>religionem</strong></span> <span class='ocrx_word' id='word_1_126' title='bbox 339 2554 502 2651; x_wconf 90' lang='lat' dir='ltr'><strong>pendere;</strong></span> <span class='ocrx_word' id='word_1_127' title='bbox 520 2553 561 2621; x_wconf 91' lang='lat' dir='ltr'><strong>de</strong></span> <span class='ocrx_word' id='word_1_128' title='bbox 576 2554 715 2624; x_wconf 88' lang='lat' dir='ltr'><strong>deorum</strong></span> <span class='ocrx_word' id='word_1_129' title='bbox 735 2553 974 2623; x_wconf 81' lang='lat' dir='ltr'><strong>certaminibus</strong></span> <span class='ocrx_word' id='word_1_130' title='bbox 988 2550 1126 2622; x_wconf 88' lang='lat' dir='ltr'><strong>nullum</strong></span> 
     </span>
     <span class='ocr_line' id='line_1_22' title="bbox 130 2654 1127 2765; baseline -0.003 -22"><span class='ocrx_word' id='word_1_131' title='bbox 130 2654 316 2743; x_wconf 88' lang='lat' dir='ltr'><strong>sermonem</strong></span> <span class='ocrx_word' id='word_1_132' title='bbox 336 2672 459 2758; x_wconf 83' lang='lat' dir='ltr'><strong>habet3</strong></span> <span class='ocrx_word' id='word_1_133' title='bbox 476 2668 574 2765; x_wconf 91' lang='lat' dir='ltr'><strong>plura</strong></span> <span class='ocrx_word' id='word_1_134' title='bbox 598 2695 617 2739; x_wconf 87' lang='lat' dir='ltr'><strong>a</strong></span> <span class='ocrx_word' id='word_1_135' title='bbox 640 2668 873 2741; x_wconf 78' lang='lat' dir='ltr'><strong>Chaldaeorum</strong></span> <span class='ocrx_word' id='word_1_136' title='bbox 906 2669 1070 2738; x_wconf 89' lang='lat' dir='ltr'><strong>institutis</strong></span> <span class='ocrx_word' id='word_1_137' title='bbox 1091 2685 1127 2740; x_wconf 90' lang='lat' dir='ltr'><strong>et</strong></span> 
     </span>
     <span class='ocr_line' id='line_1_23' title="bbox 128 2782 1128 2883; baseline -0.002 -27"><span class='ocrx_word' id='word_1_138' title='bbox 128 2788 244 2883; x_wconf 81' lang='lat' dir='ltr'><strong>lingua</strong></span> <span class='ocrx_word' id='word_1_139' title='bbox 258 2785 365 2855; x_wconf 88' lang='lat' dir='ltr'><strong>aliena</strong></span> <span class='ocrx_word' id='word_1_140' title='bbox 384 2785 524 2879; x_wconf 90' lang='lat' dir='ltr'><strong>profert,</strong></span> <span class='ocrx_word' id='word_1_141' title='bbox 545 2785 646 2853; x_wconf 85' lang='lat' dir='ltr'><strong>itaut</strong></span> <span class='ocrx_word' id='word_1_142' title='bbox 667 2809 743 2854; x_wconf 91' lang='lat' dir='ltr'><strong>cum</strong></span> <span class='ocrx_word' id='word_1_143' title='bbox 765 2782 930 2872; x_wconf 87' lang='lat' dir='ltr'><strong>Diodoro,</strong></span> <span class='ocrx_word' id='word_1_144' title='bbox 946 2786 1128 2854; x_wconf 91' lang='lat' dir='ltr'><strong>Zoroastre</strong></span> 
     </span>
     <span class='ocr_line' id='line_1_24' title="bbox 129 2899 668 2973; baseline -0.015 0"><span class='ocrx_word' id='word_1_145' title='bbox 129 2919 162 2973; x_wconf 87' lang='lat' dir='ltr'><strong>et</strong></span> <span class='ocrx_word' id='word_1_146' title='bbox 176 2907 312 2973; x_wconf 89' lang='lat' dir='ltr'><strong>Manete</strong></span> <span class='ocrx_word' id='word_1_147' title='bbox 328 2900 468 2970; x_wconf 92' lang='lat' dir='ltr'><strong>omnino</strong></span> <span class='ocrx_word' id='word_1_148' title='bbox 486 2899 668 2968; x_wconf 84' lang='lat' dir='ltr'><strong>dissentiat.</strong></span> 
     </span>
    </p>
   </div>
   <div class='ocr_carea' id='block_1_2' title="bbox 0 0 1272 4522">
    <p class='ocr_par' dir='ltr' id='par_1_8' title="bbox 0 0 1272 4522">
     <span class='ocr_line' id='line_1_25' title="bbox 0 0 1272 4522; baseline 0 1"><span class='ocrx_word' id='word_1_149' title='bbox 0 0 1272 4522; x_wconf 95' lang='lat' dir='ltr'><strong> </strong></span> 
     </span>
    </p>
   </div>
  </div>
 </body>
</html>
