2534 4522
622 251 661 321 ¹7
749 268 753 274 -

144 382 283 480 quidem
301 394 392 449 recte
410 391 598 473 arguerunt
614 373 710 445 inulti
723 391 754 444 et
776 375 859 445 clari
874 390 1028 446 auctores
1042 377 1141 447 fabu-

145 503 232 573 losas
248 514 283 569 et
300 496 540 594 nugacissimas
559 496 770 569 narrationes
790 493 940 574 historiae
958 520 1025 564 suae
1036 520 1143 590 asper

30 619 33 624 ’
144 617 237 700 sisse,
252 615 517 704 Graecorumque
534 607 664 704 placitis
680 633 759 676 cum
777 632 913 677 summo
932 608 1140 682 studiocon·

147 724 395 818 suluisse,illud
404 726 572 820 praecipue
587 723 732 792 veritum
752 747 794 791 ne
808 723 1145 795 Graecosollemleret

149 869 187 924 ut
205 850 329 939 suidas
338 848 582 919 animadvertit
597 846 632 915 iri
651 871 735 915 voce
755 849 882 941 Φλέγων
920 869 931 916 a
959 850 1144 920 'sunnio

149 965 264 1062 μὲνοῦν
283 975 299 1036 ὁ
315 956 454 1044 Ῑῶσηπος
462 959 517 1033 καὶ
524 956 684 1033 δεδοικότι
699 965 778 1035 ἔοικε
793 963 846 1032 καὶ
863 959 1090 1058 εὐλαὸουμίνῳφ
1103 973 1144 1046 ὡς

149 1080 192 1169 μὴ
220 1075 448 1167 προσκρούσειεν
481 1053 739 1145 libanocsuidae
749 1067 1145 1164 Valckenariusadstipu

150 1189 254 1276 latur,
275 1187 393 1282 quiin
411 1183 695 1254 commentatione
723 1182 765 1251 de
792 1181 988 1253 Aristobulo
1017 1181 1152 1273 Judaeo,

147 1301 332 1397 losephum
353 1323 439 1394 saepe
463 1298 644 1384 mentitum
665 1296 767 1365 fuisse
785 1293 932 1365 affirmat
955 1311 1024 1366 ut«
1044 1300 1150 1393 potis-

147 1445 168 1480 «
185 1418 348 1486 simorum
367 1437 452 1506 quos
475 1411 619 1480 babebat
635 1413 752 1487 Romae
770 1425 991 1504 patronorum
1011 1437 1081 1481 sese
1096 1413 1148 1483 in·

128 1551 167 1592 a
185 1527 397 1607 sinuarctin
424 1525 568 1620 gratiam
584 1523 650 1620 (t)
673 1555 689 1589 »
711 1524 818 1594 Probe
842 1524 977 1618 quidem
1006 1542 1040 1595 et
1061 1543 1150 1597 reete

148 1644 292 1714 dictum.
319 1644 406 1733 Quis
431 1641 521 1710 enim
542 1639 688 1734 losepho
712 1637 832 1711 melius
857 1665 926 1709 sese
952 1644 1083 1736 paravit
1112 1659 1149 1713 ut

150 1787 194 1830 en
212 1759 308 1828 omni
330 1783 365 1827 re
378 1772 543 1851 quaestum
556 1754 691 1838 faceret,
704 1771 735 1823 et
754 1754 919 1850 quidquid
933 1759 1094 1843 circuiret,
1105 1761 1149 1845 iu

153 1874 289 1944 lucrum
302 1885 522 1942 converteret.
538 1869 635 1941 Illum
653 1875 885 1941 Romanorum
897 1897 1074 1966 procerum
1093 1901 1154 1968 pa·-

154 1990 294 2058 rasitnm
314 2012 383 2056 esse
401 1986 529 2054 diceres
547 1999 581 2052 et
601 1985 824 2055 Gnathonum
847 2011 866 2052 e
887 2001 989 2078 gente
1008 2003 1122 2057 ortum
1142 2017 1149 2057 :

212 2157 370 2246 Quidquid
389 2157 489 2216 dieunt
510 2155 624 2234 landat3
638 2157 669 2214 id
691 2168 807 2215 rursum
831 2158 857 2214 si·
871 2165 987 2236 negant,
1009 2158 1108 2220 laudat
1127 2159 1157 2220 iat

275 2257 455 2335 qucquclt).
512 2298 515 2303 .

205 2391 386 2490 Etenim>‚si
398 2409 473 2501 quis
481 2402 625 2500 judaicis
640 2396 818 2474 annalibus
830 2398 910 2475 cum
925 2397 1156 2479 sacrislitteris

156 2510 367 2604 conferendis
380 2520 558 2618 diligenter
573 2512 758 2606 incumbat,
773 2521 957 2617 losephum
971 2512 1157 2616 depreben-

158 2640 216 2708 ‹lat
233 2639 379 2708 maxima
392 2632 524 2706 licentia
536 2662 651 2723 usum,
672 2661 740 2730 quc
761 2630 922 2730 maiorem
940 2637 1042 2706 fidem
1067 2634 1160 2732 apntl

159 2750 330 2822 Romanos
357 2749 530 2821 inveniret.
550 2740 733 2847 Complura
761 2751 991 2846 praetermisit,
1017 2744 1079 2821 alia
1099 2733 1159 2822 ad·

154 2870 278 2962 junxit,
301 2854 363 2936 alia
386 2893 479 2936 secus
508 2866 747 2960 interpretatus
772 2882 841 2950 est,
863 2860 1063 2962 detrivitque
1081 2893 1159 2937 aar·

198 3105 238 3181 (1)
252 3098 297 3162 cf.
313 3096 348 3161 ll.
363 3096 554 3161 Abravanelis
567 3115 722 3160 comment,
735 3103 765 3159 in
776 3107 851 3161 Dan.
864 3101 958 3161 Fonte
969 3100 1007 3161 X.
1020 3077 1158 3178 Palmaq,

157 3229 169 3253 a
193 3193 283 3279 Cujus
305 3192 392 3258 ruba
418 3194 481 3258 haee
495 3198 761 3258 suutteonfessnrn
784 3210 903 3278 quoqne
927 3198 983 3257 iltis
1006 3210 1062 3272 est,
1092 3216 1158 3261 enm

156 3327 168 3353 «
189 3299 334 3374 scrophae
349 3297 427 3357 istud
440 3296 554 3366 scribit,
568 3306 623 3353 uos
634 3305 695 3354 nou
708 3292 841 3373 recipere
856 3296 929 3354 tttnrt
951 3296 989 3356 ab
1004 3296 1072 3373 itte,
1089 3301 1159 3379 qnia

157 3425 169 3448 «
193 3397 319 3474 plurimo
340 3395 443 3454 scribit
457 3415 525 3454 cnm
537 3393 740 3454 immutatione
755 3394 901 3464 veritatis,
917 3415 951 3453 ac
966 3398 1158 3474 perversione

157 3521 169 3544 «
192 3495 288 3566 istius,
304 3492 382 3571 quod
394 3493 549 3570 scripturae
565 3511 653 3550 sacrae
672 3490 708 3548 de
724 3491 779 3549 illis
792 3504 953 3560 testanturq
971 3507 1003 3550 ut
1017 3497 1160 3555 Romanis

158 3618 169 3642 «
193 3591 335 3649 bonorem
351 3590 514 3662 exhiberet,
530 3604 668 3668 tanquam
683 3609 783 3648 servus
799 3590 926 3649 existens
941 3591 971 3650 in
991 3611 1080 3650 manu
1097 3598 1159 3652 Do·

158 3712 170 3737 «
194 3687 264 3745 mini
276 3686 319 3744 sui
333 3685 409 3757 duri,
424 3687 475 3762 qni
488 3687 619 3764 loquitur
631 3685 666 3744 ad
677 3685 891 3764 beneplacitum
905 3688 992 3744 illins.
1005 3714 1016 3738 n
1031 3690 1074 3748 Cf.
1089 3692 1158 3750 Dis-

158 3783 350 3860 quisitiortcm
361 3783 399 3840 de
410 3782 466 3840 tide
479 3780 699 3861 Joeephtqnam
718 3783 762 3841 vir
782 3783 859 3842 doct.
878 3784 1030 3843 Pbitcretr
1045 3786 1162 3846 Gliasles

157 3881 298 3940 Facultati
312 3882 472 3940 litterarum
485 3880 636 3967 Parisiensi
650 3882 813 3959 proposuit.

202 3977 247 4056 (a)
267 3982 386 4038 Terent.
400 3980 473 4039 Eun.
489 3992 544 4037 act.
556 3979 595 4038 ll.
618 3997 656 4036 sc.
670 3979 704 4038 ll.
