2534 4522
599 212 644 300 34

133 365 214 434 nino
226 363 399 434 dissentire
412 378 446 431 et
462 364 550 432 inter
568 389 602 432 se
620 365 743 433 acriter
757 387 918 458 pugnare.
937 363 993 436 Nil
1010 379 1124 434 autem

132 480 272 575 impedit
296 478 381 572 quin
413 493 486 548 toto
509 479 631 549 virium
656 481 732 548 nisu
762 494 935 574 pugnent3
965 481 1123 575 equidem

131 596 225 667 haud
248 593 425 666 consilium
445 595 527 662 inivi
551 611 674 664 memet
694 596 728 664 in
748 595 875 665 medios
899 597 1034 685 hostes,
1066 599 1128 665 Sa·

133 713 289 783 binarum
313 735 423 793 more,
450 710 641 807 injiciendi,
668 727 700 780 et
727 713 928 781 certantium
958 713 1023 782 iras
1052 713 1144 781 diri-'

130 826 246 897 mendi
265 851 272 893 :
291 839 327 895 at
344 839 462 897 contra
482 839 650 894 certamen
669 824 914 920 redintegrare,
932 851 1018 895 nova
1033 850 1127 895 arrna

134 939 340 1015 certantibus
375 939 498 1008 afferre
519 938 614 1031 juvat
640 940 666 1007 si
697 965 765 1034 quo
784 940 920 1042 taudem
952 948 1050 1035 pacto
1077 967 1132 1010 res

134 1053 383 1148 possitconfici.
865 1069 866 1072 ’

185 1173 232 1243 ΙΙ.
251 1172 291 1237 lu
307 1168 416 1262 primo
426 1167 716 1263 coutraApionem
734 1168 831 1254 libro,
845 1170 902 1237 ubi
916 1170 1081 1265 losephus
1093 1196 1131 1238 ea

38 1295 40 1299 ’
139 1282 1129 1379 tractatquaedejudieaagenteChaldaeorum-scriptisman-

140 1401 216 1471 data
237 1415 332 1485 sunt,
346 1423 383 1467 ca
398 1401 471 1493 ipsa
484 1398 632 1467 declarat
646 1424 722 1468 cum
738 1398 832 1467 libris
846 1400 948 1468 sacris
964 1401 998 1468 in
1015 1400 1135 1469 multis

140 1514 338 1586 consentire.
354 1544 371 1577 «
384 1516 518 1582 Testem
531 1514 706 1582 adhibeam
721 1566 730 1601 ,
747 1515 814 1598 ait,
829 1519 1007 1603 Bormum,
1020 1517 1134 1584 virum

141 1629 307 1725 «quidem
332 1626 545 1713 Chaldaeum,
571 1630 610 1698 iis
628 1654 709 1698 vero
735 1655 804 1697 non
834 1631 986 1723 ignotum
1010 1631 1067 1724 qui
1099 1631 1134 1697 iu

142 1745 350 1813 «literarum
376 1744 496 1812 studiis
524 1759 723 1832 versantur,
748 1746 911 1836 quoniam
940 1728 1062 1838 scripta
1092 1745 1136 1813 de

144 1889 159 1926 α
179 1860 383 1931 astronomia
399 1873 432 1928 et
446 1859 682 1929 Chaldaeorum
697 1858 909 1954 philosophia
921 1860 1139 1955 ipseGraecoss

145 2005 162 2040 α
182 2000 256 2047 rum
270 1976 304 2042 iu
321 2000 419 2043 usum
437 1973 552 2045 edidit.
563 1974 706 2068 Isigitur
723 1978 865 2045 Berosus
877 1975 1134 2069 antiquissimas

146 2106 314 2164 «secutus
335 2090 510 2177 historias,
540 2089 581 2157 de
606 2089 742 2159 Diluvio
768 2105 802 2158 et
823 2091 1074 2182 hominibusvin
1099 2116 1143 2160 eo

146 2235 162 2270 (ι
178 2205 395 2300 pereuntibus
407 2205 523 2273 eadem
537 2203 635 2298 plane
649 2229 686 2273 ac
703 2208 836 2298 Moyses
855 2208 1001 2275 narravit
1016 2233 1024 2275 ε
1039 2205 1142 2275 simul

148 2352 165 2388 «
181 2336 214 2391 et
230 2321 271 2390 de
284 2346 360 2389 arca
376 2323 414 2389 in
429 2345 501 2417 qua
514 2319 684 2390 stoechas
696 2325 837 2417 generes
854 2325 969 2391 nostri
971 2325 1147 2422 prthceps

149 2452 338 2507 «servatus
355 2452 423 2518 est,
445 2435 514 2529 ipsa
533 2434 661 2505 scilicet
678 2438 711 2504 in
726 2439 954 2506 summitatem
972 2435 1143 2507 montium

151 2552 418 2623 «Armeniorum
434 2548 553 2618 delata.
570 2550 702 2618 Deinde
714 2566 809 2621 ortos
822 2577 845 2620 a
863 2551 1008 2622 Nouello
1021 2577 1147 2620 nume·

151 2697 167 2732 α
182 2693 267 2737 ruas
282 2681 316 2737 et
329 2691 388 2735 sua
407 2666 597 2758 quibusque
611 2680 761 2759 tempora
786 2668 961 2762 assignans
976 2666 1018 2735 ad
1035 2667 1149 2737 Nabo-

151 2812 169 2847 «
183 2780 385 2877 pollasarum
401 2780 536 2849 taudem
547 2783 650 2869 venit,
661 2781 840 2875 Babylonis
856 2796 888 2850 et
903 2781 1144 2853 Chaldaeorum

154 2927 170 2962 a
186 2896 486 2990 regem,resqueab
498 2920 538 2964 eo
549 2911 658 2990 gestas
672 2921 861 2965 memorans
869 2895 971 2964 refert
982 2897 1146 2990 quemad-

154 3042 170 3075 κ
184 3011 321 3085 modurn
339 3011 372 3077 in
388 3013 568 3106 AEgypturn
587 3025 620 3079 et
636 3025 760 3080 terram
776 3027 928 3080 nostram
947 3011 1047 3079 misso
1070 3009 1148 3080 filio

156 3158 171 3191 a
186 3126 523 3198 Nabuchodonosoro
541 3125 657 3194 multis
672 3152 749 3195 cum
762 3127 878 3222 copiis,
899 3111 1078 3221 postquam
1091 3124 1154 3196 eos

157 3272 174 3305 ο
191 3240 348 3309 defecisse
361 3239 545 3325 intellexit,
564 3266 680 3309 omnes
699 3241 821 3309 devicit
842 3255 876 3308 et
892 3239 1054 3334 templum
1071 3241 1154 3309 Hie-

159 3388 173 3418 «
197 3353 468 3448 rosolymitarum
491 3354 649 3424 incendit.

210 3477 343 3575 Μάρτυς
368 3472 403 3548 δὲ
429 3482 547 3550 τούτων
566 3478 728 3573 Βηρωσσάς
746 3481 821 3571 ἀνὴρ
845 3471 1006 3559 Χαλδαῖος
1036 3481 1088 3573 μὲν
1116 3484 1159 3549 τὸ·

159 3604 261 3695 γένος,
283 3601 432 3692 γνώριμος
459 3586 494 3663 δὲ
519 3597 667 3690 τοῖςπερὶ
695 3587 836 3663 παιδείαν
864 3597 1158 3690 ἀναστρεφομένοις,

162 3705 266 3789 ἐπειδὴ
286 3714 354 3809 περί
373 3739 408 3780 τε
426 3711 629 3804 ἀστρονομίας
644 3712 695 3779 καὶ
716 3711 784 3807 περὶ
802 3720 863 3780 τῶν
881 3709 967 3805 παρὰ
984 3702 1159 3792 ’Χαλδαίοις

117 3850 120 3854 ⁴
163 3832 427 3922 φιλοσοφουμένων
448 3827 537 3905 αὐτὸς
551 3827 590 3905 εἰς
609 3828 679 3906 τοὺς
697 3813 837 3906 Έλληνας
855 3822 992 3921 ἐξήνεγκε
1009 3825 1063 3904 τὰς
1083 3853 1158 3920 συγ-

165 3945 295 4040 γραφοίς.
319 3944 420 4025 Οὗτος
439 3943 539 4012 τοίνυν
556 3950 572 4013 ὁ
592 3947 753 4040 Βηρωσσὸς
764 3954 831 4024 ταῖς
846 3941 1068 4040 ἀρχαιοτάταις
1083 3947 1160 4011 ἐτα-
