2534 4522
611 149 656 217 88

139 295 313 364 bominum
328 320 442 390 preces
457 299 836 391 votaqueincludi.lode
845 304 934 397 apud
945 309 1130 375 Homerum

137 402 298 499 templum
319 406 442 498 τέμενος
461 428 583 473 nomen
605 407 728 495 babet3
757 434 819 478 nec
842 426 933 478 errat
954 409 1009 479 ille
1027 437 1129 505 quem

137 521 303 616 Iosephus
316 518 543 591 Menandrum
561 521 746 615 Ephesium
766 523 927 619 appellat,
948 551 1027 596 eum
1040 532 1129 596 Her-

136 643 220 714 culis
241 643 370 728 lanum,
393 643 494 711 verbo
512 649 637 737 τέμενος
665 671 761 731 usus,
782 661 936 740 apertum
956 647 1060 717 luisse
1074 650 1129 717 in-

136 758 259 827 dicat:
297 771 457 851 praeterea
498 781 573 850 quae
608 757 747 851 hujusce
778 763 989 828 monumenti
1021 763 1129 831 ruinae

136 889 367 942 remanserunt
388 875 644 966 accuratiusque
668 873 806 943 fuerunt
825 901 845 943 a
863 874 1042 964 Maunldrel
1062 902 1128 945 cae-

136 988 281 1080 terisque
313 985 492 1080 recognitae
521 984 613 1055 nulla
651 988 772 1058 indicia
803 989 972 1058 habebant
1004 992 1130 1084 quibus

135 1105 273 1172 minima
293 1102 440 1197 suspicio
454 1100 604 1169 subesset
613 1100 791 1194 ‘quondam
806 1105 858 1172 his
875 1102 1023 1173 delubris
1037 1122 1126 1174 tecta

134 1231 361 1314 superstructa
383 1213 566 1309 fuisse(1).
593 1218 667 1284 Hoc
689 1218 826 1311 insuper
844 1217 1020 1311 adjiciam,
1044 1234 1129 1288 tem·

135 1329 189 1426 pla
204 1331 339 1419 omnia,
353 1353 427 1422 quae
440 1328 617 1397 Phoenices
639 1330 672 1396 in
687 1328 826 1399 coloniis
841 1345 1075 1421 extruxerant,
1093 1336 1126 1401 in

134 1472 173 1515 eo
205 1446 412 1540 potissimum
434 1440 477 1511 ab
500 1441 573 1512 aliis
607 1443 707 1512 fuisse
739 1444 868 1514 diversa
894 1447 986 1539 quod
1018 1464 1127 1517 essent

134 1586 278 1658 superne
294 1559 457 1655 patentia.
478 1562 530 1627 Ita
542 1557 672 1627 Plinius
698 1560 741 1628 de
762 1559 888 1655 templo
913 1563 1004 1655 quod
1025 1563 1128 1633 Phoe«

135 1674 224 1743 nices
263 1673 296 1740 in
327 1673 441 1765 Cypro
462 1667 569 1736 insula
602 1686 813 1740 sacraverant
844 1673 892 1740 ait
915 1701 923 1741 ε
948 1703 968 1736 «-
987 1673 1127 1748 Celebre

134 1788 281 1856 «fanum
310 1784 409 1852 habet
434 1783 577 1852 Veneris
598 1783 733 1875 Paphos
756 1785 791 1852 in
818 1785 917 1878 cujus
943 1787 1124 1879 quamdam

134 1924 258 1968 «aram
277 1923 346 1969 non
371 1893 503 1991 impluit
518 1894 581 1991 (a).
597 1925 614 1958 »
648 1899 692 1964 Et
708 1898 844 1968 Tacitus
864 1900 929 1968 boc
950 1900 1040 1968 idem
1060 1903 1128 1983 Ve-

134 2015 221 2084 neris
237 2012 415 2083 delubrum
431 2010 643 2080 describens:
659 2040 677 2075 a
690 2014 894 2107 Sanguinem
906 2039 993 2101 arae,
1013 2016 1125 2108 iuquit

134 2160 151 2195 a
167 2128 344 2199 offundere
367 2127 532 2196 vetitum:
558 2126 712 2218 precibus
734 2143 768 2196 et
797 2130 874 2222 igne
895 2153 982 2221 puro
1008 2127 1128 2198 altaria

134 2272 150 2307 a
164 2241 361 2312 adolentur:
380 2264 442 2307 nec
465 2236 542 2307 ullis
562 2260 713 2331 uuquam
728 2241 911 2326 imbribus,
931 2267 1127 2337 quanquam

134 2388 151 2423 «
169 2360 203 2427 in
224 2372 342 2453 aperto
365 2355 562 2424 madescunt
573 2351 638 2448 (3)
657 2385 674 2419 »
708 2360 748 2425 In
772 2355 881 2425 insula
904 2361 1030 2443 Samo,
1047 2373 1130 2428 teste

134 2473 300 2544 Strabone
318 2485 411 2540 vetus
432 2469 548 2538 lanum
565 2484 637 2537 erat
654 2472 779 2540 lunoni
799 2497 932 2540 sacrum
945 2524 960 2566 ,Ι
975 2487 1129 2566 etquan·

134 2614 235 2683 quam
252 2587 365 2658 multis
380 2584 566 2656 simulacris
581 2601 737 2654 ornatum
755 2585 848 2655 nullo
867 2587 967 2655 modo
986 2589 1029 2657 ab
1044 2592 1132 2658 aeris

135 2703 259 2797 injuria
276 2702 519 2772 defendebatur
534 2697 596 2794 (4).
621 2701 741 2771 Itidem
757 2704 791 2770 iu
803 2704 950 2788 Boeotia,
969 2702 1028 2770 ubi
1039 2704 1129 2773 Cad-

133 2843 208 2889 mus
228 2818 427 2889 Phoenicum
445 2820 593 2890 colonias
609 2843 686 2889 cum
700 2843 817 2886 eorum
840 2816 1001 2886 institutis
1017 2832 1053 2885 et
1073 2845 1125 2887 re-

134 2934 258 3031 ligione
274 2937 489 3006 constituisse
511 2937 619 3007 fertur
644 2933 807 3004 nonnulla
836 2931 958 3027 templa
988 2935 1129 3010 omnino

131 3051 204 3120 sine
225 3051 410 3122 simulacris
433 3069 466 3123 et
488 3055 582 3122 tectis
604 3052 784 3122 Pausanias
814 3048 959 3117 viderat.
984 3039 1130 3144 Ᾰλιάρτῳ

134 3160 171 3234 δέ
186 3167 241 3234 aior
263 3164 347 3255 rani,
375 3168 428 3238 καί
451 3197 551 3264 σφισιν
571 3173 627 3238 οὐκ
644 3166 812 3260 ἀγάλματα
833 3167 968 3250 ἔνεστιν,
988 3169 1043 3232 οὐκ
1062 3166 1129 3258 ὅρον
1182 3222 1184 3225 .

134 3307 189 3376 poc
207 3284 329 3352 ἔπεστιν
343 3270 414 3376 (5).

174 3447 214 3525 (ι)
236 3448 280 3506 cf.
292 3450 380 3507 Me'm.
398 3448 435 3508 de
448 3449 554 3508 l’Acad.
572 3448 622 3506 des
646 3446 836 3522 inscriptions
855 3457 884 3501 et
908 3443 1128 3502 belles-lettres.

51 3574 53 3579 ,
132 3548 268 3606 xxxrr.
282 3566 311 3625 p.
328 3553 395 3616 242.

171 3641 212 3721 (a)
234 3643 307 3703 Plin.
320 3646 356 3702 11.
373 3664 421 3720 97.
434 3676 473 3686 -
489 3643 529 3720 (3)
545 3647 633 3702 Corn.
646 3645 712 3698 Tac.
729 3640 804 3698 uisi.
822 3637 872 3697 lib.
888 3640 924 3696 ll.

172 3737 215 3818 (4)
235 3739 428 3819 Strab2Xlll.
446 3762 473 3818 p.
487 3743 553 3808 438.
978 3790 980 3795 .

172 3833 213 3912 (5)
235 3839 358 3893 Pausan.
372 3839 425 3896 IX.
443 3857 466 3893 c.
480 3838 524 3894 33.
536 3837 580 3896 Cf.
595 3836 669 3893 Plut.
684 3839 734 3893 Os.
754 3855 780 3911 p.
805 3834 873 3908 6392
886 3867 924 3875 -
938 3831 1029 3891 Clem.
1047 3831 1128 3892 Alex.

132 3933 240 3991 Strom.
256 3935 289 3987 V.
