2534 4522
130 360 184 433 his
205 362 314 432 verbis
337 356 536 457 ‘opinionem
569 386 663 430 suam
695 358 876 455 explicuit:
900 361 1128 446 «Hecataeus,

132 509 149 542 «
167 477 390 572 Eupolemus,
413 480 620 570 Artapauus‚
638 475 846 561 Demetrius,
866 475 1040 564 Aristum,
1058 477 1130 546 fue-

132 622 148 656 a
165 606 243 661 runt
265 613 382 660 omnes
402 612 477 659 meo
499 591 666 659 arbitratu
681 587 845 683 religione
859 589 966 659 Judaei
990 617 1047 660 seu
1077 593 1131 663 his

130 735 147 770 «
168 704 360 774 nominibus
379 704 469 771 inter
483 702 659 798 populares
680 701 808 771 fuerint
829 703 901 772 uoti
917 726 975 773 seu
993 707 1132 774 uomina

128 851 147 884 a
167 821 297 890 mentiti
321 817 385 915 (1).
402 849 419 884 »

180 935 335 1028 Denique
352 933 468 1004 credas
479 931 630 1001 eamdem
645 933 685 1001 de
705 932 862 1002 Abderita
879 936 1134 1029 nostroopinio·

135 1075 211 1119 uem
233 1074 305 1118 esse
341 1051 401 1117 viri
421 1050 543 1118 summi
570 1029 725 1117 Creuzeri
746 1073 755 1117 τ
777 1050 838 1142 qui
861 1049 994 1142 quidem
1031 1076 1137 1146 quan-

128 1188 234 1260 quam
270 1184 393 1233 trorum
425 1162 508 1233 nihil
538 1163 579 1233 de
598 1165 661 1232 hae
680 1164 865 1258 quaestione
887 1165 1013 1259 agitat,
1046 1180 1134 1235 atta·
1193 1169 1194 1174 ’

130 1302 208 1350 uren
220 1268 280 1348 'hia'
308 1280 419 1349 verbis
435 1278 535 1348 docto
554 1279 792 1349 Sainte-Croix
814 1294 902 1348 reete
923 1279 1136 1376 refragatur:

129 1427 149 1461 a
164 1397 411 1466 Samae-Cruda:
434 1394 547 1464 nulius
575 1395 726 1479 dubitat,
745 1397 827 1488 quin
860 1394 944 1463 iliud
971 1398 1136 1491 scriptum

132 1542 150 1576 a
167 1511 343 1595 deJudaeis
358 1538 398 1579 ex
413 1512 580 1580 Abderitae
594 1513 730 1606 ingenio
752 1509 940 1605 profectum
957 1510 1012 1599 sit,
1026 1538 1137 1607 neque

136 1655 153 1691 a
169 1625 355 1720 quidquam
372 1627 590 1696 tribuendum
603 1642 719 1696 censet
735 1627 865 1720 judicio
881 1628 1135 1722 Herennii,qui

134 1773 154 1804 o
171 1742 242 1834 ipse
257 1741 369 1835 potius
384 1741 559 1810 habendus
571 1741 725 1810 videatur
738 1765 798 1834 pro
812 1741 1006 1835 impostore.
1022 1743 1136 1831 Quam

138 1884 155 1920 a
173 1857 372 1923 sementiam
401 1853 477 1924 licet
501 1854 588 1923 idem
617 1855 668 1923 vir
693 1854 812 1922 doctus
837 1854 1042 1924 confirmare
1066 1871 1144 1928 stu-

135 1999 155 2032 ν
172 1969 287 2038 ὀινσσίῑ
320 1968 508 2049 rationibus
535 1967 608 2037 aliis
635 1993 676 2036 ex
699 1969 771 2062 ipsa
795 1992 905 2035 rerum
934 1968 1136 2040 traditarum

133 2114 154 2148 a
173 2082 283 2153 indole
315 2085 503 2177 repetitis:
533 2099 643 2153 tamen
687 2083 833 2176 penitius
875 2083 1062 2176 inquirenti
1100 2087 1136 2153 in

138 2212 329 2293 «promptu
366 2197 493 2266 suerint
525 2197 586 2266 alia
617 2223 655 2265 ex
685 2196 801 2264 eodem
829 2195 922 2264 fonte
948 2197 1135 2267 haurienda

115 2343 156 2396 ¹a
172 2336 245 2410 quae
264 2312 442 2392 contraria
461 2312 632 2380 sententiae
661 2310 771 2379 favere
794 2310 982 2395 videa-ntur,
1002 2326 1041 2381 ut
1063 2315 1134 2408 jam

135 2457 156 2491 a
175 2425 258 2495 iilud
278 2441 487 2519 praeteream,
506 2426 596 2519 quod
617 2441 727 2493 tamen
752 2449 812 2493 nec
836 2425 944 2518 ipsum
963 2425 1135 2523 negligen-

135 2571 152 2606 «ι
169 2541 250 2610 dum
273 2540 405 2610 videtur
430 2564 522 2610 esse:
542 2540 679 2610 Suidam
708 2542 740 2607 in
765 2539 999 2608 enumerandis
1022 2542 1133 2617 Abde-

138 2686 155 2721 «
174 2657 245 2725 ritae
264 2656 397 2750 scriptis
412 2681 481 2725 nou
503 2674 692 2724 memorare
714 2656 889 2726 historiam
910 2654 1001 2725 iilius
1020 2657 1132 2750 judai·
1236 2679 1240 2692 ’

136 2768 357 2866 acam(2).a
390 2770 454 2840 Sed
493 2770 566 2839 haec
608 2764 802 2857 ¹sufiiciun‘t3
832 2769 900 2863 jam
940 2769 981 2838 de
1014 2795 1130 2840 eorum

136 2886 287 2954 omnium
302 2909 381 2979 quae
399 2885 439 2953 de
460 2885 582 2955 Judaeis
598 2885 645 2952 ai>
664 2888 819 2954 Hecataeo
838 2887 964 2979 scripta
980 2885 1130 2956 referun-

99 3032 101 3034 ·
134 3000 407 3069 turauctoritate
424 3000 633 3069 disseramus
677 2999 680 3004 ⁴

186 3119 419 3184 a.Hecataeum
442 3115 636 3184 Abderitam
651 3113 815 3208 aqualem
824 3113 925 3182 fuisse
940 3115 1130 3186 Alexandro
1214 3189 1222 3207 γ

134 3245 168 3297 et
190 3229 371 3300 Ptolemaeo
396 3231 479 3326 Lagi
504 3245 622 3323 auctor
644 3244 695 3298 est
712 3230 905 3324 Josephus:
939 3219 1130 3315 Εκαταῖσςὸ

133 3337 329 3439 Ᾰβδηρίτης,
347 3348 421 3441 ἀνὴρ
433 3349 597 3442 φιλόσοφος
611 3347 676 3440 ἅμα
690 3347 742 3415 καὶ
758 3331 826 3437 περὶ
841 3345 897 3426 τὰς
918 3342 1040 3440 πράξεις
1064 3352 1131 3421 ἱκα-

132 3464 288 3542 νώτατος,
312 3451 495 3558 Ᾰλεξάνδρῳ
519 3475 563 3552 τῷ
589 3467 709 3549 βασιλεῖ
725 3462 922 3554 συνακμάσας
940 3465 991 3533 καὶ
1010 3469 1131 3534 Πτολε-

133 3574 214 3669 puin
226 3590 272 3666 τῷ
286 3579 393 3673 Λάγον
416 3581 632 3675 συγγενόμενος
647 3575 710 3675 (3).
740 3576 906 3647 Eumdem
938 3579 985 3647 ait
1013 3580 1132 3648 Suidas

160 3788 218 3865 ’(ι)
240 3787 374 3845 Valcken.
390 3788 426 3845 de
441 3785 568 3846 Aristob.
583 3785 695 3861 Iudaeo,
710 3806 758 3860 72.

176 3885 215 3960 (a)
238 3890 377 3947 Creuzer.
398 3885 434 3942 ad
448 3885 550 3962 fragm.
564 3887 634 3942 Hee.
651 3883 712 3942 Mil.
729 3905 756 3961 p.
772 3883 817 3944 35.

178 3982 220 4058 (3)
241 3985 301 4040 Jos.
314 4003 361 4062 op.
376 3993 395 4038 t.
410 3986 448 4041 11.
461 4002 489 4060 p.
503 3980 572 4049 455.
