2534 4522
611 212 706 284 63.

136 363 359 459 disputatum,
370 361 403 429 in
418 385 562 456 quorum
578 383 675 429 causa
688 358 870 453 Josephtnn
887 361 1032 455 arguisse
1044 361 1126 430 mihi

137 479 264 566 videor,
284 492 321 546 ut
338 490 417 571 pote
434 477 491 571 qui
513 489 666 545 auctores
683 473 814 543 Judaeos
844 473 969 545 vilioris
994 490 1079 546 notae
1096 492 1130 547 et

51 673 54 678 .
134 592 302 688 ambiguae
336 590 414 660 fidei
453 592 515 660 sibi
555 593 589 658 in
618 589 810 684 praesidium
842 592 1033 678 vocaverit3
1060 592 1130 661 imo

134 699 358 803 Eupolernum
389 707 619 802 impudentem
651 704 871 774 fabulatorem
903 731 1001 799 quern
1030 731 1130 776 nemo

135 822 170 892 in
191 822 375 892 'mendaciis
413 820 646 916 confingendis
675 818 866 909 antecellit,
896 821 1055 917 *eumdem
1087 822 1129 890 de

135 936 236 1007 rebus
254 954 407 1006 veterum
426 951 543 1005 testem
563 936 771 1004 verissimum
790 934 890 1004 fuisse
908 935 1069 1023 declaret,
1090 937 1135 1005 il·-

133 1051 224 1146 lique
251 1054 381 1120 veniam
399 1051 654 1121 condonandam
674 1064 818 1135 censeat,
847 1050 938 1144 quod
965 1049 1127 1120 librorum

56 1186 57 1189 ’
114 1255 115 1258 ¹
129 1167 344 1260 judaicorum
376 1190 511 1236 sensum
536 1166 649 1233 minus
671 1180 826 1232 accurate
847 1187 965 1259 capere
991 1180 1023 1233 et
1045 1191 1130 1235 asse·

133 1282 191 1374 qui
205 1282 354 1375 potuerit
375 1305 398 1347 τ’
594 1371 596 1375 ¹

532 1417 544 1443 a
561 1391 608 1451 Sic
620 1410 674 1449 nos
687 1389 826 1450 debemus
842 1390 928 1450 antici

232 1493 263 1553 si
278 1490 360 1568 quod
375 1490 413 1548 sit
427 1489 531 1548 vitium
543 1509 602 1547 non
616 1488 748 1548 fastidire
760 1512 768 1558 ;
782 1488 957 1548 Strabonem

150 1667 153 1671 ⁷
232 1588 370 1668 Appellat
381 1599 490 1664 paetum
502 1585 648 1668 paterlr).
663 1612 675 1637 »
769 1635 772 1641 .

594 1776 660 1786 ua·-

584 1888 672 1965 VH.
757 1903 758 1907 ’
863 1875 865 1878 ’

129 2080 176 2133 Au
186 2074 334 2152 Josephus
346 2094 381 2132 ex
397 2072 476 2131 hond
490 2070 548 2129 lide
560 2069 690 2128 Hecataei
703 2068 864 2142 Abderitae,
877 2070 1011 2129 Clearchi
1023 2071 1127 2130 Solen-

376 2170 415 2229 sis
426 2183 457 2227 et
470 2167 592 2252 Choerili
608 2166 717 2244 scripta
733 2167 878 2224 citaverit.

68 2427 73 2435 ,
179 2359 340 2458 Suspicor
361 2360 444 2431 nilril
464 2387 535 2433 esse
552 2361 663 2455 aptius
684 2361 727 2428 ad
747 2357 1002 2430 delectationem
1024 2361 1126 2432 lecto·

50 2496 53 2500 ⁴
130 2481 175 2547 ris
194 2503 295 2572 quam
319 2476 445 2572 lepidas
464 2478 585 2545 Berosi'
597 2473 818 2569 etEupolemi
834 2478 1124 2562 narratiunculam

128 2608 164 2662 at
182 2588 315 2663 Flavius
330 2589 443 2686 plures
462 2590 544 2659 alios
564 2604 718 2659 auctores
733 2588 835 2658 habet
854 2593 913 2686 qui
931 2592 1124 2661 varietatem

129 2704 303 2802 cujusdam
328 2706 511 2801 voluptatis
539 2704 670 2801 plenam
698 2705 914 2800 suppeditent
940 2721 974 2774 et
996 2708 1126 2776 animos

128 2824 258 2916 possint
278 2823 430 2891 retinere.
442 2825 568 2891 Beroso
588 2818 789 2908 inclinante,
802 2820 874 2914 jam
896 2846 1001 2891 novos
1020 2821 1123 2890 histo·

130 2939 230 3020 neos,
241 2936 474 3033 philosophos,
488 2951 601 3030 poetas
613 2934 924 3030 inauxiliumcogit,
933 2939 1123 3005 Hecataeum

130 3049 336 3133 Abderitam‚
353 3049 554 3118 Clearchum
576 3047 746 3119 Solensem
769 3073 808 3118 ac
826 3046 1015 3118 Choerilum
1034 3049 1125 3119 hunc

129 3165 277 3257 priscum
301 3179 406 3232 vatem
428 3189 527 3258 quern
543 3162 680 3235 Flaccus
699 3180 818 3233 nasute
837 3163 1018 3258 sugillavit.
1035 3169 1126 3235 Jose-

130 3280 218 3373 plius
240 3297 356 3349 eontra
385 3280 514 3373 (videas
536 3305 602 3371 qua
630 3280 837 3348 humanitate
855 3279 1011 3350 Flaccum
1032 3298 1122 3350 ante-

129 3393 274 3491 cellatl)
300 3395 487 3466 Choerilum
514 3410 549 3464 et
575 3410 713 3463 caeteros
746 3419 861 3464 ornnes
890 3394 980 3464 bono
1011 3400 1124 3466 animo

130 3509 356 3604 amplectitur.
379 3503 487 3580 Nobis
508 3535 605 3595 vero,
631 3509 721 3604 quod
749 3509 950 3603 periculosas
978 3513 1124 3581 censoris

130 3639 242 3717 partes
260 3650 415 3719 agamus,
437 3623 523 3692 illud
547 3624 714 3718 reliquum
736 3639 784 3692 est
808 3626 979 3718 inquirere
994 3651 1036 3694 an
1054 3627 1124 3696 haec

133 3740 296 3829 Hecataei,
317 3738 470 3810 Clearchi
490 3754 522 3806 et
541 3739 681 3809 Choerili
704 3736 892 3833 fragmenta
923 3741 956 3807 in
979 3738 1126 3810 officinis

172 3940 216 4024 (r)
236 3948 306 4004 Hor.
318 3948 381 4004 Sat.
400 3947 450 4004 ΠΙ.
467 3941 518 4006 lib.
530 3946 552 4000 1.
