2534 4522
624 242 663 284 ΙΟ

142 381 250 475 νόμους
273 379 472 473 βλασφημίας
489 369 594 446 δοῦναι
619 369 706 451 δίκην
729 367 834 445 halant
864 381 920 453 τὴν
951 381 1139 470 πρέπουσαν.

143 497 335 590 Περιετμῆθη
359 492 418 590 γὰρ
441 488 473 574 ἐξ
494 493 665 590 ἀνάγκης...
689 492 740 560 καὶ
767 485 863 587 μηδὲν
881 492 1049 586 ὠφεληθεὶς
1076 489 1137 557 ὑπὸ

145 621 200 691 τῆς
225 622 405 706 περιτομῆς,
425 607 505 678 ἀλλὰ
528 609 711 703 ruodpert,
731 610 759 677 ἔν
781 601 892 688 δειναῖς
917 600 1037 686 ὀδύναις
1058 607 1137 674 ἀπέ-

144 720 239 787 θανεν.
250 755 267 790 ι
281 724 300 794 J
303 749 361 793 ure
376 723 458 792 mihi
477 721 609 791 videtur
625 723 712 816 Apio
725 722 770 791 ob
783 722 960 792 maledicta
971 723 1008 790 in
1021 719 1139 816 patrias

144 868 161 902 ιι
176 863 244 908 suae
260 838 348 934 leges
364 863 479 934 poenas
498 838 638 923 dedisse,
658 862 742 930 quas
763 840 975 908 commeruit.
990 837 1077 909 Nam
1098 860 1138 905 ex

144 983 161 1017 «
175 955 372 1023 necessitate
403 953 620 1021 circumcisus
640 967 727 1035 erat,
744 966 779 1020 et
800 976 876 1021 cum
898 950 981 1020 nihil
1002 951 1034 1020 ei
1058 973 1136 1044 pro-

145 1098 163 1132 ι
179 1065 297 1138 fuisset
313 1068 536 1152 circumcisio,
556 1067 613 1137 sed
628 1082 844 1164 putresceret,
863 1069 993 1164 magnis
1012 1064 1138 1136 dolori-

144 1213 161 1248 ιι
176 1185 240 1253 bns
258 1184 423 1279 expiravit
435 1184 502 1279 ·(r).·
515 1212 531 1248 ιι

193 1302 266 1369 Nee
291 1299 455 1394 {losephus
478 1298 644 1394 extemplo
672 1315 746 1393 post
773 1313 945 1369 mortuum
973 1298 1136 1392 Apionem

145 1429 262 1485 contra
285 1437 359 1483 eum
383 1413 557 1503 disseruit,
576 1436 654 1497 nec,
673 1414 754 1483 dum
770 1416 802 1483 in
831 1414 969 1485 Galilaea
988 1432 1139 1483 commo-

143 1531 292 1615 rabatur,
317 1545 433 1625 postea
451 1553 531 1599 vero
554 1555 631 1599 cum
650 1533 767 1600 Romae
799 1552 903 1625 agens
922 1552 1138 1626 summosque

144 1645 288 1714 honores
309 1643 462 1738 adeptus,
487 1645 673 1713 Domitiani
688 1642 837 1714 favorem
857 1659 1022 1739 captaret,
1048 1644 1137 1716 hanc

143 1760 411 1828 dissertationem
435 1759 558 1843 edidit3
578 1760 637 1829 hos
666 1761 757 1829 enim
784 1759 889 1829 libros
916 1760 957 1830 de
986 1762 1136 1855 antiqui-

143 1889 213 1944 tate
241 1874 435 1944 Judaeorum
456 1864 691 1968 Epaphrodito
720 1898 782 1944 suo
804 1871 961 1964 κρατίστῳ
980 1882 1013 1937 et
1027 1898 1136 1963 τιμιω-

141 1983 229 2071 τάτῳ
257 1991 482 2086 nuncupavit,
512 1989 602 2058 unde
639 2004 718 2058 ante
744 2011 871 2059 annum
900 1975 1026 2062 Christi
1067 2015 1138 2061 xcv

143 2096 254 2166 editos
272 2097 373 2166 fuisse
400 2112 561 2191 apparet,
586 2122 655 2191 quo
674 2097 943 2192 Epaphroditum
966 2096 1136 2166 Domitia-

145 2233 208 2278 nus
229 2209 406 2280 interiecit.
426 2214 581 2304 Cumque
599 2210 768 2303 Josephus
789 2210 824 2278 in
837 2211 1007 2280 Memoria
1023 2234 1136 2280 rerum
1223 2216 1226 2222 ’

143 2349 280 2399 suarum
291 2325 333 2394 ad
345 2326 501 2394 eumdem
517 2325 789 2420 Epaphroditum
805 2327 1002 2420 composita,
1021 2352 1138 2397 omnes

124 2439 218 2508 »vitae
237 2464 304 2508 suae
322 2455 463 2509 eventus
489 2453 715 2534 prosequatur
738 2440 906 2538 usquead
926 2429 1052 2511 annum
1073 2464 1137 2511 no-

145 2555 353 2647 nagesimum
377 2570 409 2623 et
435 2567 547 2633 tamen
571 2554 612 2623 de
640 2553 734 2624 libris
761 2557 798 2624 in
824 2557 989 2650 Apionem
1008 2571 1138 2647 taceat,

143 2669 223 2738 hinc
244 2669 400 2740 concludi
423 2684 531 2765 potest
553 2671 616 2739 ho‘s
640 2668 744 2739 libros
772 2671 861 2740 intra
880 2672 1136 2767 nonagesimum

130 2798 176 2853 'et
190 2786 447 2880 nonagesimum
461 2786 616 2880 quintum
634 2806 760 2854 annum
778 2787 812 2855 in
835 2784 944 2855 lucem
963 2787 1137 2881 prodiisse.

191 2902 266 2968 Jam
295 2897 460 2969 hahemus
489 2897 648 2968 callidum
673 2913 707 2967 et
732 2912 897 2969 emunctae
918 2900 1136 2973 naris'homi·

145 3040 233 3091 nem.
274 3016 408 3094 Etenim
448 3016 535 3084 hanc
574 3012 741 3085 fallaciam
775 3030 886 3085 astute
912 3017 1012 3088 struit
1022 3069 1038 3103 ,t
1059 3041 1136 3086 curn

143 3134 340 3232 Graecorum
367 3133 570 3227 scriptorum
598 3130 738 3225 placita,
766 3157 841 3225 quae
870 3131 992 3202 Judaeis
1021 3132 1142 3226 iniqua

143 3258 259 3333 erant,
279 3245 368 3314 sinat
390 3245 615 3341 praeterfluere
641 3260 674 3314 et
701 3244 967 3315 dissertationem
1001 3246 1137 3318 interim

143 3373 238 3452 paret
253 3384 340 3454 quae,
363 3376 439 3454 post
459 3374 603 3430 mortem
627 3361 767 3456 Apionis
784 3367 1059 3458 coeterorumque,
1077 3346 1137 3432 su·
1156 3396 1159 3403 ¹

143 3473 215 3544 bito
229 3475 264 3544 in
284 3471 391 3544 lucem
411 3474 568 3570 prodeat3
587 3491 659 3545 tum
673 3468 849 3544 Phoenices
863 3491 1016 3546 auctores
1034 3476 1138 3546 Chal-

143 3590 302 3685 daeosque
324 3589 486 3678 adducet3
512 3607 582 3660 tum
614 3590 759 3678 indoctis
786 3606 820 3689 et
848 3617 906 3660 ore
928 3591 1053 3686 patulis
1079 3593 1139 3662 ho

144 3707 291 3778 minibus
319 3705 424 3782 multa
446 3722 480 3776 et
498 3704 656 3800 praeclara
678 3707 868 3777 testimonia
893 3723 1049 3802 exponet.
1068 3711 1140 3778 Me-

183 3949 225 4028 li)
244 3949 322 4007 Flet.
338 3955 397 4009 Jos.
413 3956 469 4028 Op.
484 3963 502 4007 t.
516 3954 554 4008 ll.
566 3970 596 4029 p.
613 3952 679 4020 480.
694 3950 738 4010 ed.
752 3957 957 4030 Hauercatnp:

870 4046 893 4081 Q
