2534 4522
584 229 630 300 36

111 379 247 464 tionem,
259 402 360 470 quam
377 376 513 470 quidem
530 404 596 447 non
611 404 650 448 ex
663 378 742 472 ipsis
757 379 871 447 Berosi
889 380 1033 473 scriptis,
1047 375 1107 447 sed

111 520 151 564 ex
180 492 508 563 Pseudo-Alexandri
538 494 627 563 libro
658 510 891 590 expromptam
920 496 1039 564 babuit
1071 509 1106 561 et

111 610 254 678 servavit
271 609 436 679 Eusebius
453 636 461 677 :

157 764 175 799 α
196 737 257 805 111.
276 734 447 805 Defuncto
459 737 592 805 Otiarte
605 735 675 831 (r),
699 738 811 830 inquit
826 740 982 823 Berosus,
996 733 1106 803 filium

108 880 125 914 α
144 851 246 943 hujus
264 851 464 920 Xisuthrnm
484 852 631 920 tenuisse
642 877 786 945 regnum
797 851 880 920 saris
902 849 1107 940 octodecim,

110 966 210 1035 «sub
229 989 337 1059 eoque
357 991 518 1060 magnum
543 966 706 1035 diluvium
732 992 802 1036 esse
829 965 1023 1035 conflatum.
1052 967 1109 1066 Sic

113 1107 129 1141 ο
152 1092 265 1147 autcm
285 1081 474 1148 accuratius
488 1081 718 1169 narrationem
739 1081 865 1172 scripto
882 1079 1108 1173 persequitur.

110 1217 129 1256 α
146 1195 284 1289 Κρόνον,
305 1196 363 1279 ait,
386 1193 436 1262 illi
456 1195 490 1262 iu
508 1179 626 1264 somno
650 1195 840 1289 praedixisse
860 1194 914 1263 die
933 1192 1113 1287 quintade-

110 1308 231 1375 acima
262 1307 362 1375 Daesii
394 1307 467 1376 fore
498 1324 536 1375 ut
561 1309 755 1403 hlominesa
782 1306 911 1376 diluvio
942 1307 1109 1401 perirent.

108 1453 124 1487 α
139 1424 352 1492 Mandavisse
364 1424 478 1516 itaque
488 1438 525 1492 nt
538 1422 778 1509 librosomnes‚
793 1426 918 1518 primos
934 1424 1111 1507 nimirum,

114 1568 129 1600 «
150 1537 320 1607 medioset
336 1538 488 1626 ultimos,
508 1553 608 1607 terrae
622 1539 765 1607 infossos
784 1539 819 1606 in
835 1537 913 1607 solis
931 1539 1014 1606 urbe
1034 1539 1112 1631 Sip·

113 1682 129 1715 «
148 1653 236 1747 paris
258 1667 425 1747 poneret:
447 1668 519 1721 tum
547 1656 660 1722 navim
687 1667 848 1740 strueret,
873 1677 1015 1746 eamque
1032 1676 1111 1720 eum

114 1797 129 1830 a
147 1767 406 1859 consanguineis
424 1769 576 1861 carisque
596 1766 819 1836 familiaribus
838 1765 1079 1836 conscenderet
1102 1792 1110 1832 :

112 1905 129 1939 ι(
148 1876 380 1970 congestisque
393 1874 471 1945 illuc
482 1876 771 1971 esculentisatquc
785 1878 994 1971 poculentis,
1018 1875 1113 1943 indu-

115 2021 131 2055 «
148 1992 209 2061 ctis
234 1991 335 2060 etiam
355 1990 474 2059 belluis
502 2006 536 2060 et
557 1991 749 2062 volatilibus
777 2018 815 2062 ac
833 1990 1111 2086 quadrupedibus

115 2137 131 2171 a
150 2123 338 2200 cunctaque
346 2105 562 2200 supellectile,
574 2124 709 2202 paratus
724 2108 857 2178 essetad
870 2106 1110 2202 nauigandum.

114 2252 131 2286 α
149 2204 338 2314 Quaerenti
349 2237 463 2292 autem
485 2249 634 2317 quonam
653 2251 770 2294 cursus
789 2223 983 2317 dirigendus
1005 2223 1114 2292 esset?
1148 2302 1160 2316 ,

111 2335 373 2429 «respondisse,
394 2336 435 2404 ad
463 2336 558 2421 deos,
588 2337 632 2406 ad
650 2338 818 2407 orandum
833 2362 902 2430 quo
915 2336 1113 2405 hominibus

117 2483 132 2514 a
149 2465 244 2520 essct.
261 2455 348 2520 Eum
363 2476 441 2519 vero
454 2451 542 2519 haud
559 2477 726 2520 recusasse
741 2453 923 2546 quominus
937 2452 1113 2544 navigium

116 2567 398 2658 «compingeret,
421 2563 559 2660 longum
578 2566 685 2635 stadia
706 2569 872 2662 quinque,
897 2567 999 2635 latum
1018 2565 1113 2634 duo:

157 2712 197 2794 (ι)
220 2712 347 2794 Ἀρδάτου
360 2712 582 2787 τελευτήσαντος,
598 2715 642 2774 τὸν
657 2715 711 2773 υἱὸν
728 2717 808 2774 αὐτοῦ
823 2715 966 2796 Ξίσουθρον
988 2716 1114 2793 βασιλεῦ-

118 2833 164 2869 σαι
176 2808 271 2890 σάρους
284 2796 478 2868 ὀκτωκαίδεκα
496 2812 539 2868 ἐπὶ
556 2812 647 2868 τούτου
664 2808 747 2887 μέγαν
769 2811 956 2890 κατακλυσμὸν
970 2811 1112 2888 γενέσθαι·

117 2905 315 2988 ἀναγράφεσθαι
329 2904 356 2964 δὲ
371 2905 504 2985 τὸνλόγον
518 2905 606 2972 οὕτως.
617 2907 672 2967 Τθν
685 2907 786 2988 Κρόνον
802 2911 872 2989 αὐτῷ
889 2908 960 2967 κατὰ
971 2909 1015 2967 τδν
1030 2906 1114 2966 ὕπνον

120 3002 263 3063 ἐπιστάντα
277 3002 372 3085 φάναι,
388 3003 470 3080 μηνὸς
484 3003 586 3063 δαισίου
598 3002 708 3084 πέμπτῃ
719 3005 764 3064 καὶ
780 3005 879 3095 δεκάτγ
890 3004 949 3071 τοθς
963 3002 1115 3085 ἀνθρώπους

119 3098 170 3158 ὑπὸ
193 3104 239 3158 τοῦ
260 3100 448 3176 κατακλυσμοῦ
472 3101 660 3181 φθαρήσεσθαι.
685 3103 815 3160 Κελτθσαι
837 3091 880 3178 οὖν
902 3098 1114 3182 διαγραμμάτων

119 3194 225 3254 πάντων
242 3192 325 3274 ἀρχδις
338 3193 382 3253 καὶ
398 3193 466 3272 μέσα
482 3195 528 3255 καὶ
542 3193 648 3263 τελετάς
660 3196 787 3277 ὀρύξαντα
813 3202 895 3256 θεῖναι
912 3198 938 3254 ἐν
952 3195 1028 3256 nolet
1037 3195 1114 3269 ἡλίου

122 3292 287 3374 Σιππάροις,
301 3290 346 3348 καὶ
365 3291 605 3371 ναυπηγησάμενον
620 3294 719 3376 σκάφος
734 3293 848 3370 ἐμὸἥναι
862 3291 993 3370 μετὰτῶν
1015 3316 1113 3374 συγγε-

119 3393 171 3450 νῶν
185 3389 231 3450 καὶ
243 3387 394 3467 ἀναγκαίων
405 3389 487 3470 φίλων
500 3414 507 3428 ·
522 3390 640 3450 ἐνθέσθαι
652 3392 679 3450 δὲ
695 3391 824 3472 βρώματα
835 3390 881 3450 καὶ
892 3389 1010 3470 πόματα,
1029 3391 1114 3469 ἐμόσ-

119 3489 173 3548 λτῐν
189 3486 215 3547 δὲ
235 3485 280 3544 καὶ
301 3488 356 3553 ζῶα
376 3484 463 3556 πτηνδι
484 3487 529 3546 καὶ
545 3487 709 3570 τετράποδα,
726 3489 770 3544 καὶ
788 3486 876 3546 πάντα
894 3487 1115 3571 εὐτρεπισάμενον

120 3587 205 3644 πλεῖν.
218 3582 408 3666 Ἐρωτώμενον
422 3581 450 3641 δὲ
460 3589 511 3643 ποῦ
521 3586 582 3642 πλεῖ
593 3610 601 3658 ;
611 3585 701 3665 φάναι,
716 3584 781 3664 πρὸς
792 3583 851 3652 τοθς
872 3585 956 3657 θεοὺς,
975 3583 1115 3663 εὐξάμκνον

122 3681 268 3764 ἀνθρώποις
280 3680 366 3760 ἀγαθὰ
379 3680 507 3760 γενέσθαι.
522 3681 576 3742 Τὸν
587 3681 614 3740 δὲ
630 3685 658 3740 οὐ
670 3682 891 3762 παρακούσαντα,
904 3682 1114 3761 ναυπηγήσαντα

122 3778 236 3862 σκάφος,
255 3778 286 3838 τδ
310 3776 358 3856 μὲν
381 3783 465 3856 μῆκος
480 3778 594 3837 σταδίων
613 3778 705 3852 πέντε,
720 3780 750 3840 τδ
764 3780 791 3841 δὲ
805 3781 906 3850 πλάτος
918 3782 1030 3840 σταδίοιν
1048 3778 1094 3839 δύο
1108 3805 1114 3818 ·

119 3875 154 3935 τδι
167 3876 193 3935 δὲ
208 3875 386 3955 συνταχθέντα
405 3874 494 3934 πάντα
514 3877 668 3948 συνθέσθαι,
691 3878 735 3937 καὶ
753 3888 865 3956 γυναῖκα
883 3878 928 3938 καὶ
949 3877 1048 3951 τέκνα,
1069 3877 1114 3937 καθ

122 3973 180 4042 τοθς
189 3971 347 4054 ἀναγκαίους
362 3973 451 4054 φίλους
464 3971 619 4053 έμόιόάσαι.
