2534 4522
638 175 685 272 39

167 340 249 418 quet
261 352 268 396 ε
280 323 521 395 collatatamen
541 325 636 394 simul
646 323 802 395 Flaviana
820 324 972 418 quaedam
992 336 1162 419 ponantur

171 456 270 535 atque
295 440 454 526 Eusebii3
489 442 570 529 hinc
597 444 783 536 comperies
815 441 902 511 hanc
937 440 977 510 de
1009 439 1163 510 Xisuthri

171 555 299 624 diluvio
343 559 572 626 narrationem
602 557 637 625 in
671 557 788 626 eodem
820 557 934 645 fonte,
961 580 1081 649 nempe
1130 556 1163 633 io

171 672 288 766 spurio
310 665 377 758 περὶ
406 654 552 734 tutatos
570 673 672 761 libro,
692 698 710 742 a
731 672 880 766 losepho
902 685 934 740 et
957 670 1100 741 Eusebio
1116 671 1168 739 in-

175 801 325 873 ventam,
344 801 377 855 et
398 787 475 856 inde
495 786 753 882 depromptam:

192 934 342 1014 ‚Iosephus
354 935 385 993 in
400 949 458 995 ant.
472 936 540 996 lud.
555 938 605 996 lib.
621 943 645 997 Ι.
696 937 859 997 Alexander
872 937 1061 1015 Polyhistor,
1091 934 1171 1014 apud

261 1106 264 1112 ,
345 1035 442 1113 capite
454 1055 503 1093 1¹1·
716 1034 907 1099 Euschron.
925 1033 980 1094 Ed.
998 1039 1072 1111 Ang.
1085 1032 1171 1091 Maio.

651 1212 654 1219 Ι
717 1154 745 1212 p.
761 1143 805 1203 ¹4·

219 1263 362 1343 Βηρωσσὸς
376 1265 535 1330 ὁΧαλδοιῖος·
551 1264 659 1342 διηγού-
720 1268 776 1325 Τοῦ
790 1263 817 1323 δὲ
831 1265 924 1324 πλοίου
939 1261 1032 1323 τούτου
1047 1263 1175 1320 κατακλν

179 1383 257 1436 μενος
270 1360 321 1442 γὰρ
333 1361 366 1421 τὰ
379 1362 441 1445 περὶ
459 1362 503 1422 τὸν
521 1365 657 1423 menalu-
699 1363 787 1428 θέντος
802 1365 829 1422 ἕν
852 1366 886 1442 τῇ
901 1357 1024 1443 Ἀρμενίορ
1038 1359 1077 1418 ἔτι
1101 1357 1178 1439 μέρος

180 1456 264 1535 σμὸν,
284 1457 353 1518 οὕτω
367 1458 480 1529 διέξεισι.
504 1459 618 1539 Λέγεται
633 1460 660 1518 δὲ
702 1485 727 1518 τι
740 1463 819 1521 αὐτοῦ
835 1462 861 1518 ἐν
875 1467 927 1525 τοῖς
942 1456 1096 1541 Κορδυαίων
1107 1455 1180 1536 ὄρεσι

182 1555 292 1616 καὶτοῦ
314 1557 407 1617 πλοίου
428 1559 455 1616 ἐν
480 1562 512 1642 τῇ
539 1558 661 1639 Ἀρμενίᾳ
702 1562 749 1631 τῆς
757 1558 893 1641 Ἀρμενίας
904 1554 1098 1635 διαμένειν,καί
1107 1577 1179 1618 τινας

183 1651 248 1734 πρὸς
262 1657 304 1734 τῷ·
315 1652 369 1734 ὄρει
381 1658 433 1713 τῶν
454 1654 608 1736 Κορδυαίων
621 1654 660 1714 ἔτι
702 1656 755 1716 ἀπὸ
764 1663 810 1715 τοῦ
818 1656 910 1714 πλοίου
919 1652 1076 1730 deridemur
1082 1651 1182 1732 ἄσφαλ-

185 1750 265 1832 μέρος.
276 1775 302 1808 τι
314 1743 390 1826 εἶναι,
405 1753 450 1811 καὶ
465 1753 584 1830 κομίζειν
591 1753 663 1820 τινὰς
703 1777 764 1827 τον,
782 1757 897 1834 χρᾶσθαι
917 1749 945 1810 δὲ
962 1751 1028 1828 αὐτῇ
1047 1748 1111 1831 πρὸς
1122 1746 1182 1814 τοὺς

185 1847 666 1930 τῆςᾶσράλτουάραιροῦντοιο.Χριῗοι-
709 1848 950 1932 ἀποτροπιασμούς.

186 1968 230 2002 ται
247 1943 276 2004 δὲ
294 1944 411 2023 μάλιστα
430 1948 455 2004 οἱ
471 1945 603 2027 ἄνθρωποι
624 1949 662 2027 τῷ

187 2040 353 2122 κομιζομένῳ
379 2041 443 2121 πρὸς
466 2039 526 2108 τοὺς
548 2043 665 2124 ἀποτρο-

145 2158 148 2164 ·
189 2137 331 2218 πιασμοιίς.

241 2272 398 2341 Profecto
421 2273 489 2354 haec
506 2275 548 2343 ad
568 2301 725 2345 somnum
745 2276 931 2344 infantibus
952 2273 1186 2342 arcessendum
1238 2361 1245 2371 Ι

195 2387 308 2455 nutrix
323 2385 435 2480 aliqua
450 2386 705 2485 excogitaverit!
725 2389 816 2480 Quid
831 2386 837 2458 ί
854 2388 1016 2458 mirabilis
1027 2388 1122 2456 istius
1132 2411 1189 2454 na-

195 2501 275 2596 vigii
287 2501 395 2598 magis
409 2502 575 2574 mirabilia
588 2503 774 2599 fragmenta
789 2492 975 2598 superesse!
994 2508 1081 2588 imo,
1101 2502 1190 2568 bitu·

195 2641 271 2685 men
290 2640 422 2684 sacrum
440 2615 524 2685 illud
541 2619 910 2712 quodNoachussacris
928 2620 998 2687 suis
1011 2618 1107 2686 linxit
1123 2641 1191 2685 ma·

197 2733 296 2800 nibus
323 2745 355 2798 et
377 2733 471 2800 navis
498 2735 681 2826 parietibus
708 2736 863 2820 induxit,
889 2730 1072 2828 superesse!
1095 2733 1190 2821 Quin

198 2846 316 2931 etiam,
331 2845 395 2913 hac
413 2846 486 2939 pice
496 2851 633 2943 antiqua
653 2851 789 2918 morbos
804 2866 838 2916 et
852 2850 1028 2917 hominum
1044 2849 1193 2916 miserias

196 2957 362 3029 amoveri!
404 2962 529 3031 Credas
562 2985 662 3058 porro
706 2962 948 3059 Polyhistorem
977 2944 1052 3031 cum
1081 2960 1194 3056 aliquo

199 3076 300 3168 hujus
319 3076 480 3169 temporis
505 3076 776 3174 pharmacopola,
798 3081 855 3173 qui
874 3092 1086 3173 unguentum
1107 3076 1194 3145 istud

201 3192 417 3281 divenderet,
434 3194 580 3262 amicitia
596 3220 666 3263 esse
683 3200 918 3288 conjunctum..
931 3193 1002 3264 Oh!
1021 3192 1198 3287 impuden-

202 3322 269 3375 tem
300 3307 486 3380 hominem!
522 3309 565 3379 de
600 3336 668 3404 qno
707 3312 760 3377 vix
784 3309 879 3378 decet
906 3311 1127 3396 stomachari3
1156 3307 1197 3376 ad

204 3425 358 3516 graviora
377 3441 512 3520 praestat
527 3449 678 3521 pergere.

253 3539 734 3635 NosterPseudo-polyhistor,
745 3541 805 3610 lrac
818 3540 858 3608 de
869 3540 997 3608 diluvio
1008 3538 1201 3607 narratione

208 3668 354 3744 peracta,
367 3680 436 3722 sese
453 3656 607 3751 protinus
624 3657 770 3751 accingit
787 3669 834 3742 ut,
849 3660 973 3724 Beroso
987 3655 1141 3748 juvante,
1162 3651 1203 3720 de

210 3768 311 3837 turris
332 3769 543 3865 Babylonica
562 3771 789 3840 exstructione
813 3770 964 3854 disserat,
991 3785 1023 3869 et
1042 3769 1203 3838 continuo

206 3899 324 3953 auctor
342 3901 391 3955 est
411 3883 571 3984 Sibyllam
592 3885 735 3956 dixisse:
754 3911 873 3988 omnes
890 3886 1043 3954 homines
1062 3910 1127 3954 una
1143 3883 1204 3951 lin-
