2534 4522
610 214 651 284 16

131 365 328 454 discernere·
347 361 574 433 animadverte
596 365 671 460 quis
692 362 877 433 blaterandi
910 364 943 432 et
962 363 1126 434 illudendi

131 492 238 548 artem
262 480 369 574 magis
396 475 525 548 calleat.
549 479 702 550 Profecto
732 477 821 574 apud
850 478 1034 574 Josepbum
1061 481 1127 550 sub

132 594 244 665 berosi
259 593 354 663 istius
371 592 474 687 pallio
492 596 701 664 Mercurium
718 593 830 663 denuo
840 596 1002 664 invenies.

133 754 136 759 ·
179 716 231 782 De
252 709 501 781 commentariis
526 734 601 803 quae
627 711 806 780 Cassianus
824 725 857 779 et
876 713 992 780 iustus
1009 718 1128 778 exara·

131 842 264 913 verunt,
292 851 399 920 quum
429 840 558 895 aetatem
589 853 656 896 non
686 826 841 916 tulerint,
862 826 948 896 nihil
977 827 1043 896 dici
1065 851 1129 922 po·
1204 844 1207 849 ’

131 958 205 1012 test.
238 946 395 1012 Attamen
414 956 546 1012 constat
567 945 702 1012 lustum
721 943 898 1014 Tiberiade
925 942 1127 1029 oriundum,

130 1058 276 1153 Josepho
290 1056 391 1126 fuisse
412 1056 584 1151 aequalem,
601 1073 634 1126 et
653 1059 740 1127 inter
759 1083 816 1128 eos
831 1058 997 1129 exstitisse
1010 1057 1129 1127 simul-

131 1171 293 1268 tates(1);
303 1175 477 1266 cumque]
481 1187 575 1241 ustus
592 1172 782 1243 mendaciia
798 1172 1127 1268 Josepho'argu'atur,

131 1288 210 1357 inde
222 1288 382 1382 augurari
401 1285 479 1357 licet
497 1287 646 1382 ejusdem
667 1288 817 1358 criminis
830 1288 1013 1383 Joseplrum
1024 1287 1128 1357 fuisse
1207 1356 1209 1360 ,

133 1427 244 1490 reum3
273 1401 357 1496 quid
376 1427 456 1470 vero
476 1402 661 1496 augurari?
680 1406 804 1474 Nonne
822 1427 865 1473 ex
893 1403 974 1497 ipsis
990 1402 1129 1497 Josephi

135 1519 243 1588 verbis
273 1536 323 1585 res
354 1511 455 1611 plane
483 1515 610 1611 liquet?
633 1548 650 1582 ιι
668 1519 840 1607 Quoniam
866 1516 990 1587 multos
1017 1517 1129 1604 video,

93 1666 95 1670 ι
131 1663 147 1694 a
164 1635 222 1722 ait,
241 1632 300 1725 qui
325 1630 513 1700 maledictis
539 1632 751 1700 sermonibus
767 1630 858 1701 malo
874 1633 988 1702 animo
1007 1657 1025 1700 a
1049 1633 1129 1726 qui-

132 1777 148 1810 «
166 1745 308 1814 busdam
324 1744 473 1838 jactatis,
495 1745 595 1814 fidem
612 1746 769 1832 habeant,
793 1771 897 1841 eaque
913 1771 989 1840 quaa
1007 1771 1069 1841 ego
1088 1745 1131 1828 dc

132 1890 149 1924 a
167 1859 368 1953 antiquitate
383 1859 500 1953 scripsi
519 1884 586 1928 non
608 1859 747 1929 credant
760 1875 794 1930 et
815 1862 1036 1930 recentiorem
1058 1885 1130 1929 csse

131 1988 301 2070 agentem
327 1987 490 2041 nostram
505 1971 667 2068 colligant
691 1999 731 2042 ex
747 1999 787 2044 eo
811 1974 902 2068 quod
929 1972 1023 2043 nulla
1047 1975 1131 2068 ejus·

132 2120 149 2154 a
169 2089 245 2158 dem
263 2087 393 2156 mentio
409 2087 513 2156 fuerit
525 2088 615 2182 apud
627 2088 774 2158 celebres
789 2093 987 2160 Graecorum
994 2089 1130 2157 histori-

133 2234 149 2268 a
172 2227 240 2291 cos,
255 2201 563 2270 dehisceomnibus
582 2203 698 2296 putavi
713 2202 860 2271 breviter
879 2201 1129 2272 scribendum.»

132 2317 211 2397 Euri
227 2319 262 2396 δὲ
282 2329 410 2420 συχνοὺς
426 2332 486 2420 ὁρῶ
501 2337 568 2407 ταῖς
587 2329 647 2396 ὑπὸ
669 2321 847 2421 δυσμενείας
866 2329 926 2396 ὑπὸ
946 2338 1037 2395 τινῶν
1049 2327 1131 2422 εἰρη-

134 2448 235 2539 μέναις
246 2444 450 2538 προσέχοντας
470 2440 689 2537 βλασφημίαις,
705 2444 757 2511 καὶ
768 2451 833 2524 τοῖς
844 2443 913 2537 περὶ
930 2447 984 2519 τὴν
1000 2443 1131 2538 ἀρχαιο-

137 2558 245 2655 λογίαν
268 2563 319 2626 ὑπ’
344 2562 418 2652 ἐμοῦ
437 2558 656 2653 γεγραμμένοις
679 2560 898 2645 ἀπιστοῦντας,
912 2558 1073 2652 τεκμήριόν
1097 2585 1131 2626 τε

139 2676 336 2768 ποιουμένους
354 2685 410 2742 τοῦ
424 2677 570 2766 νεώτερον
592 2668 665 2741 εἶναι
687 2676 818 2770 τὸγένος
836 2681 935 2766 ἡμῶν,
950 2665 1053 2740 διὰτὸ
1073 2699 1132 2766 μη-

141 2783 248 2885 δεμιᾶς
264 2783 349 2883 παρὰ
363 2796 427 2874 τοῖς
443 2791 600 2880 ἐπιφανίσι
617 2795 676 2856 τῶν
697 2774 872 2862 Ελληνικῶν
889 2785 1132 2882 ἱστοριογράφων

141 2911 260 2999 μνήμης
272 2897 428 2988 ἠξιῶσθαι,
438 2904 507 2997 περὶ
518 2905 635 2971 τούτων
656 2903 912 2981 ἁπάντωνώηθην
932 2896 994 2972 δεῖν
1014 2899 1132 3000 γράψαι
1200 2937 1202 2943 ·

142 3011 327 3114 συντόμως(
350 3007 376 3112 ).

137 3146 146 3158 ‘
173 3123 291 3212 Quod
305 3138 416 3193 autem
433 3123 597 3217 Josephus
617 3123 679 3192 hos
696 3122 730 3193 in
748 3122 910 3216 Apioncm
934 3120 1037 3190 libros
1053 3145 1132 3190 cum

137 3239 207 3331 jam
227 3252 312 3306 esset
332 3238 492 3332 grandior
509 3251 607 3307 aetate
625 3237 822 3325 exaraverit,
842 3251 944 3330 atque
964 3237 1066 3305 etiam
1092 3262 1134 3305 ex

55 3441 59 3450 ‘
142 3353 210 3420 suis
233 3364 332 3419 autea
358 3351 455 3419 editis
482 3350 772 3420 lucubrationibus
801 3351 896 3444 quasi
921 3352 1131 3445 expresserit,

141 3468 178 3534 in
197 3465 336 3534 dubium
352 3465 421 3557 jam
444 3467 533 3535 venit
553 3491 596 3534 an
615 3489 699 3533 nova
721 3464 792 3533 haec
808 3490 911 3560 opera
932 3465 1134 3535 auctoritate

141 3580 253 3675 aliqua
271 3577 431 3674 polleant.
450 3582 523 3647 Jam
549 3579 670 3673 saepius
692 3577 901 3676 disputatum
921 3594 971 3649 est
1002 3579 1044 3649 de
1067 3577 1134 3647 fide

141 3695 278 3790 Josephi
308 3696 341 3763 in
357 3694 550 3764 Judaeorum
569 3679 747 3764 annalibus
769 3694 1018 3777 describendis;
1037 3693 1133 3763 illum

182 3954 225 4030 (1)
244 3954 345 4013 Flavii.
359 3954 478 4031 Joseph.
491 3956 549 4032 Op.
561 3957 597 4012 11.
614 3973 640 4030 p.
654 3956 720 4029 437.
735 3952 804 4012 edit.
822 3957 1015 4032 Havercamp.
