2534 4522
310 166 321 198 t

439 192 590 277 ,42

70 339 238 411 clamem:
263 339 370 409 Judaei
390 341 604 435 sycophantae
623 356 703 410 sunt
726 342 969 436 isti3judaieos
994 372 1073 415 con·

71 471 183 525 texere
202 453 339 525 annales
361 456 507 549 gaudent
533 471 565 526 et
586 455 769 528 Clraldaico
794 456 872 527 fuco
885 482 1074 548 exornare,
1178 529 1181 536 .

70 595 139 665 quo
167 570 328 663 majorem
352 595 454 640 sacrae
482 572 657 666 scripturae
686 569 764 639 libri
791 572 880 666 apud
902 575 1073 646 Etlmicos

72 686 174 755 fidem
192 685 379 754 obtineant.
398 686 603 759 Haecornnia
619 688 714 781 jure,
731 701 768 755 ut
783 688 918 782 opinor,
927 689 1073 760 dubium

71 799 258 894 subjiciunt
277 825 318 868 an
338 802 483 894 genuina
509 802 575 870 sint
596 826 634 870 ea
647 826 725 896 quae
742 801 785 870 de
801 802 1075 898 diluvioseripta

73 916 136 985 sub
172 915 308 984 nomine
342 916 455 985 Berosi
491 917 582 1011 apud
604 918 790 986 Eusebium
820 933 855 986 et
882 914 1075 1014 tosephum

75 1028 244 1124 leguntur.
264 1033 495 1100 Decurramus
517 1046 629 1100 autem
646 1031 688 1100 ad
705 1031 793 1100 hanc
812 1032 916 1125 ipsam
930 1032 972 1102 de
986 1032 1077 1103 dilu-

77 1145 132 1215 vio
149 1145 378 1214 narrationem
394 1161 550 1217 accurate
565 1146 816 1241 explorandam.

89 1326 92 1331 ,
126 1262 187 1329 lv.
202 1261 301 1329 Haud
313 1286 436 1355 negare
451 1261 550 1331 velim
566 1261 747 1332 nonnullos
754 1278 884 1332 veteres
894 1265 1078 1359 scriptores

78 1372 205 1445 scilicet
218 1359 466 1469 Apollodorum
480 1377 534 1472 (r)
549 1393 584 1446 et
603 1382 641 1448 B.
650 1376 880 1472 Theophilum
890 1377 957 1474 (al,
969 1394 1080 1477 atque

79 1491 263 1560 Eusebium
279 1506 313 1561 et
331 1496 368 1561 Β.
384 1492 548 1588 Cyrillum
560 1491 612 1588 (3)
635 1494 775 1586 hujusce
794 1494 835 1563 de
854 1493 982 1564 diluvio
998 1518 1080 1565 nar·-

82 1606 435 1687 rationismeminisse.
456 1614 501 1678 At
515 1634 621 1702 quum
631 1609 684 1677 his
699 1609 921 1703 scriptoribus
934 1632 1079 1703 parvum

83 1723 126 1791 sit
158 1722 193 1790 in
222 1720 446 1815 dijudicandis
484 1724 682 1792 testimoniis
717 1748 878 1812 acumen,
902 1746 964 1793 uec
988 1725 1081 1793 inter

83 1860 143 1905 eos
159 1834 250 1906 ullus
263 1838 306 1905 sit
326 1838 384 1930 qui
404 1838 492 1907 bano
502 1837 650 1908 fabulam
670 1839 704 1907 in
724 1838 817 1907 libris
838 1838 952 1907 Berosi
972 1840 1081 1934 ipsius

85 1948 217 2045 legerit,
238 1967 356 2029 contra
377 1976 495 2021 ornnes
515 1955 669 2022 certatim
696 1954 843 2022 mutuati
869 1955 937 2022 sint
957 1952 1015 2022 alii
1038 1978 1081 2024 en

87 2065 281 2136 Alexandro
288 2066 513 2161 Polylristore,
525 2082 563 2136 ut
571 2069 752 2162 Josephns,
762 2069 928 2138 Eusebius
941 2067 1082 2162 ctApol·

88 2178 246 2265 lodorus,
278 2178 335 2248 alii
362 2205 403 2249 ex
431 2181 602 2274 Josepho,
637 2196 674 2249 ut
699 2184 739 2249 B.
755 2180 982 2275 Theophilum
1011 2183 1082 2253 buc

89 2307 160 2361 tota
176 2293 279 2386 hujus
289 2293 533 2387 disputationes
550 2295 636 2362 ratio
652 2293 771 2362 recidit
790 2318 835 2362 au
854 2294 910 2364 ille
927 2299 1082 2379 berosus,

91 2432 190 2500 quern
221 2406 337 2476 laudat
367 2408 576 2504 Polyhistor‚
609 2407 695 2478 lianc
714 2408 755 2478 de
774 2408 900 2479 diluvio
924 2407 1087 2480 narratio·

93 2550 169 2593 nem
198 2526 380 2620 scripserit.
405 2531 549 2621 Jamque
567 2526 650 2595 illud
675 2527 914 2613 metuendum,
939 2552 1002 2618 ne,
1021 2530 1085 2600 bac

91 2639 324 2734 disquisitione
345 2656 496 2737 peraeta,
514 2657 628 2712 noster
647 2646 790 2712 Berosus
811 2644 948 2738 spurius
969 2659 1004 2714 et
1022 2666 1087 2714 nu·

94 2781 213 2850 garum
232 2760 454 2827 concinnator
472 2757 602 2828 evadat.

143 2876 246 2943 Hune
260 2871 415 2942 eumdem
432 2874 592 2941 Berosum
610 2887 727 2943 testem
749 2874 1088 2964 adrumentinus,

85 2983 155 3053 'uhi
178 2986 220 3056 de
240 2987 434 3057 Judaeorum
464 2988 663 3081 antiquitate
687 2987 851 3058 disserens
876 2989 970 3058 nulla
991 3010 1091 3086 argu·

97 3114 209 3168 menta
223 3126 297 3194 quae
305 3101 479 3196 proposito
488 3101 1092 3192 cobaereantomittitsl’atianusvero,

98 3238 218 3307 genere
236 3217 415 3310 Assyrius,
443 3216 478 3284 in
501 3219 748 3312 Mesopotamia
771 3216 882 3311 plures
909 3243 1018 3288 anuos
1037 3221 1096 3290 do
1206 3303 1213 3317 .

98 3324 207 3394 cuissc
235 3326 381 3416 dicitur,
406 3328 496 3398 unde
524 3329 648 3398 inferre
672 3353 774 3423 queas
804 3322 899 3397 illum
931 3333 973 3399 in
995 3331 1095 3403 Chul·

100 3441 250 3511 daeorum
280 3441 375 3511 libris
406 3445 540 3538 penitus
562 3470 632 3514 esse
653 3459 831 3514 versatum.
859 3447 929 3534 Qui
956 3447 1094 3541 quidem

99 3557 316 3651 sequentibus
345 3558 455 3626 verbis
481 3558 690 3626 demonstrat
718 3561 831 3628 Rerosi
863 3562 989 3656 scripta
1015 3587 1096 3633 cum

100 3696 193 3740 saera
213 3672 377 3766 scriptura
393 3673 611 3741 consentire:
691 3712 693 3718 ,

143 3858 185 3936 (ι)
207 3862 303 3938 Apoll.
320 3863 399 3940 apud
415 3863 537 3940 Syncell
553 3883 582 3940 p.
594 3862 729 3942 ·39.÷(·r)
743 3869 773 3922 B.
790 3864 922 3943 Theopb.
941 3867 976 3924 ad
996 3867 1097 3928 Amol.

99 3955 152 4019 tib.
167 3961 222 4017 111.
235 3978 262 4035 p.
278 3967 343 4026 too.
356 3959 401 4018 ed.
418 3961 608 4041 wolfi-(Il)
621 3965 654 4021 B.
672 3962 770 4038 Cyrill.
785 3968 807 4022 1.
822 3963 852 4021 in
865 3963 1013 4023 Juliaunm
1023 3982 1053 4045 p.
1065 3966 1097 4026 8.
