2534 4522
613 198 655 268 61

141 348 337 418 «traditum
363 347 436 418 esti
470 349 609 418 hoccine
633 349 668 416 iu
699 346 829 417 exotica
859 345 1019 443 legimus?
1041 364 1085 438 et,
1109 353 1136 419 si

139 464 305 543 «ratione
325 487 422 558 agas,
453 462 656 556 quantulum
678 462 741 531 fuit
768 462 801 531 in
823 464 968 558 AEgypto
989 464 1139 533 Abraba-

138 606 156 642 «
175 602 270 646 mus:
285 578 344 672 qui
362 579 475 672 potuit
496 578 583 646 infra
602 577 800 662 biennium,
822 580 1020 673 peregrinus
1035 579 1138 648 bomo

137 693 336 761 «sermonis
357 691 477 780 alieni,
500 707 634 787 gentem
662 692 827 761 instruere
850 693 1003 762 scientiis
1026 709 1063 763 ut
1080 719 1137 761 vo·

116 833 154 875 ,a
170 805 267 895 lunt,
288 805 501 876 naturalibus
528 822 561 876 et
591 807 858 895 mathematicis,
891 833 1009 877 earum
1035 822 1135 876 antea

136 949 154 985 a
168 921 320 1015 ignaram
334 936 367 990 et
381 921 609 998 inassuetam?
625 921 847 1016 quamobrem
864 923 1037 1016 propriam
1054 947 1135 1016 gen·

103 1030 106 1037 ’
139 1062 157 1098 a
170 1050 236 1104 tem
255 1060 322 1104 non
345 1038 440 1129 prius
460 1036 620 1104 instruxit
634 1049 668 1104 et
681 1035 816 1105 edocuit
828 1035 888 1104 bas
900 1050 1009 1105 artes:
1027 1035 1134 1104 filium
1199 1052 1205 1067 “

98 1205 99 1209 ,
137 1177 156 1212 a
170 1174 268 1218 suum
289 1141 323 1218 et
348 1151 512 1244 nepotes?
541 1175 649 1243 neque
670 1151 808 1219 scientia
829 1149 999 1237 naturali,
1026 1176 1135 1246 neque

137 1291 155 1328 a
170 1265 416 1352 mathematica,
438 1263 583 1334 celebres
602 1265 698 1335 fuere
714 1265 848 1334 Hebraei
864 1291 872 1334 :
890 1279 923 1334 et
937 1290 956 1334 a
972 1290 1007 1334 se
1021 1281 1133 1335 tamen

135 1406 152 1442 a
172 1378 310 1448 edoctos
327 1404 397 1449 esse
413 1378 533 1448 volunt
550 1380 724 1475 AEgyptios
743 1381 801 1474 qui
825 1380 859 1448 in
882 1379 932 1448 his
948 1377 1135 1475 disciplinis

136 1522 154 1557 c
168 1493 265 1575 facilc
288 1502 426 1564 caeteras
446 1521 563 1564 omnes
586 1511 701 1590 gentes
728 1492 808 1563 olim
827 1504 1003 1588 superasse
1022 1494 1134 1589 perhi-

133 1611 293 1679 uitentur
310 1610 377 1708 (l).
397 1642 414 1676 n

178 1724 344 1815 Quaedam
372 1725 550 1823 Eupolemi
564 1752 664 1821 supra
689 1726 856 1820 exscripta
879 1740 974 1811 sunt;
992 1747 1069 1820 quae
1086 1723 1133 1793 le-

93 1911 102 1935 1
132 1853 209 1909 ctor
225 1855 354 1935 repetat
368 1857 405 1911 ut
421 1841 519 1937 plane
531 1842 689 1936 dijudicet
709 1854 824 1910 utrum
840 1843 928 1911 iuter
945 1865 1071 1933 graecos
1088 1865 1130 1908 an

129 1951 259 2047 judaeos
289 1956 469 2050 scriptores
486 1955 759 2023 annumerandus
789 1955 832 2022 sit
856 1969 969 2023 noster
986 1953 1133 2048 Eupolc-
1195 2036 1206 2063 ἱ

131 2092 228 2155 mus;
247 2094 309 2137 nec
322 2069 468 2138 arbitror
485 2067 526 2137 de
549 2068 666 2138 eodem
696 2093 883 2138 sermonem
901 2066 1043 2161 longius
1055 2094 1133 2163 pro-

131 2181 360 2274 trahendum,
395 2183 669 2279 quandoquidem
701 2198 769 2252 tam
794 2182 883 2252 clare
909 2184 1129 2276 quaestionem

131 2294 291 2366 dirimant
310 2297 466 2370 Clemens
487 2297 751 2386 Alexandrinus,
773 2299 938 2368 Eusebius
954 2313 986 2367 et
1003 2302 1040 2367 Β.
1058 2301 1132 2368 Hie·

130 2435 292 2506 ronymus
307 2415 364 2507 qui
379 2413 601 2509 Eupolemum
616 2413 767 2484 Judaeum
788 2439 857 2483 esse
875 2413 928 2509 (r)
945 2440 1004 2483 sua
1020 2428 1130 2484 aucto·

130 2524 231 2596 ritate
248 2529 417 2599 evincunt.

181 2643 241 2710 111.
255 2644 510 2740 DelEupolemo
521 2646 623 2739 igitur
636 2645 799 2713 hactenus
814 2671 822 2714 :
841 2642 1129 2714 adPhilonemve·

131 2757 263 2828 niamus
278 2786 378 2853 quem
393 2761 557 2854 Josepbus
585 2755 790 2857 πρεσὸάτερον
813 2772 910 2827 vocat
927 2758 1077 2828 fortassis
1092 2775 1129 2827 ut

135 2899 212 2950 eum
244 2900 263 2943 a
291 2875 488 2946 Pbilouibus
506 2876 621 2946 Judaeo
643 2891 676 2945 et
697 2875 807 2947 Biblio
833 2876 1019 2962 discernat,
1037 2876 1128 2969 quod

134 2990 236 3060 ambo
255 2991 290 3059 bi
304 2992 370 3060 sint
382 2991 544 3086 juniores.
567 2995 619 3061 De
634 2991 777 3062 Philone
796 2990 879 3060 nihil
897 2989 987 3085 apud
1005 3005 1129 3059 veteres

135 3102 331 3175 mandatum
360 3120 437 3192 est3·
454 3122 488 3175 et
508 3108 638 3201 scripta
663 3109 735 3202 ejus
764 3109 876 3176 omnia
895 3106 1130 3175 desiderantur

136 3237 259 3315 praeter
284 3248 399 3292 versus
423 3221 587 3315 quosdam
611 3248 795 3316 perpaucos
821 3224 855 3291 in
881 3222 1004 3315 quibus
1029 3223 1131 3316 Vige-

67 3437 69 3441 ἶ
135 3373 194 3417 rus
223 3347 327 3442 probe
358 3346 506 3416 declarat
539 3371 574 3415 se
605 3340 704 3439 μηδὲν
728 3352 808 3444 ὑγιές
837 3348 1038 3441 comperisse
1064 3346 1077 3441 (
1105 3346 1128 3441 ).

136 3465 236 3532 Hunc
267 3462 308 3531 de
341 3461 475 3556 regibus
507 3462 700 3532 ludaeorum
734 3463 904 3555 scripsisse
935 3472 1137 3531 auctorest
1179 3454 1181 3458 ¹

63 3785 68 3796 ,
177 3728 218 3805 (ι)
240 3733 357 3787 Burnet.
377 3727 517 3787 Arcbaeol.
535 3748 565 3805 p.
579 3729 644 3798 450.
668 3721 758 3786 inlv.
781 3728 902 3805 hujusce
923 3727 1132 3805 disputationis

140 3844 204 3904 cap.
216 3826 347 3904 quaedam
362 3825 516 3904 Eupolemi
529 3827 679 3934 exscripta
692 3838 769 3935 sunt.
932 3923 937 3934 ι
995 3923 1000 3935 ¹

179 3922 221 4002 (a)
242 3929 309 3983 Eus.
321 3928 413 4002 Praep.
428 3929 518 3984 Evam.
530 3922 598 3982 edit.
610 3923 719 4001 Vigerr.
730 3936 830 3983 annot.
840 3922 876 3982 ad
887 3923 1017 3984 Philonis
1029 3927 1129 4005 lragm.
