2534 4522
1112 27 1130 78 b

503 235 510 243 ·
601 155 669 273 es

131 354 328 428 fabulatoris
345 354 475 450 judicio
498 354 654 424 tribuisse
667 353 730 451 (6)
756 361 829 426 Imo
852 380 887 424 se
902 355 1014 427 videre
1026 373 1127 453 negat

130 471 304 567 quomodo
319 497 394 564 quae
413 470 533 564 scripta
550 470 591 538 de
602 473 621 539 J
624 471 727 540 udaeis
737 472 903 566 Josephus
916 473 959 542 ab
973 477 1127 544 Hecataeo

129 588 279 674 exhibet,
296 613 315 656 a
336 589 456 656 Graeco
478 599 615 654 auctore
636 587 853 656 abhorreant.
882 591 936 682 An
957 615 1035 659 vero
1050 591 1128 684 jure

132 701 323 795 meritoque
343 700 389 767 sie
417 697 619 791 judicaverit
648 699 735 768 infra
772 701 968 771 videbimus.
999 702 1127 773 Ibidem

130 816 311 911 apparebit
321 839 493 883 summum
502 813 610 882 virum
627 800 827 908 posthabere
840 815 1131 912 Philonem'atque

133 933 318 1030 Origeuem
341 929 485 999 Eusebio
508 943 541 996 et
566 927 714 1022 Josepho
743 954 813 998 nen
850 931 1023 1020 debuisse,
1050 941 1135 1001 cum'

135 1046 280 1117 multum
311 1045 398 1114 absit
438 1044 522 1138 quin
553 1044 596 1113 ad
636 1041 709 1140 eam
745 1047 955 1116 auctoritatis
989 1047 1131 1142 gloriam

133 1188 201 1257 qua
231 1160 423 1232 Herennius
453 1174 486 1227 et
518 1160 682 1253 Origenes
716 1159 863 1255 pollent,
898 1164 1064 1232 Eusebius
1098 1179 1131 1231 et
1222 1218 1224 1224 s

133 1277 299 1371 Josephus
317 1273 520 1344 contendere
540 1273 680 1345 valeant.
699 1280 779 1364 Haec
798 1277 960 1347 hacteuus
976 1279 1019 1347 de
1038 1277 1133 1348 illus-

134 1392 296 1461 trioribus
307 1389 476 1459 Abderitae
490 1390 658 1483 patronis'3
678 1416 769 1460 nunc
785 1394 912 1485 eosqui
931 1408 1048 1462 contra
1065 1393 1133 1463 dis-

135 1519 341 1600 putaverunt
359 1527 534 1596 cognosce.

183 1621 253 1689 Diu
272 1618 393 1688 eruditi
417 1618 479 1686 viri
499 1617 591 1710 iique
611 1616 712 1687 multi
740 1625 952 1704 Hecataeum,
969 1623 997 1689 si
1016 1644 1132 1692 revera

135 1735 275 1805 adeum
295 1735 485 1828 pertineant
507 1731 572 1801 loci
591 1732 634 1802 ab
660 1734 806 1829 Josepho
822 1735 983 1830 appositi,
1005 1752 1064 1805 aut
1077 1742 1137 1808 Ju.

136 1849 244 1919 ἀωινην
268 1862 304 1916 et
325 1850 481 1918 Graecum
509 1871 633 1914 nomen
653 1846 754 1915 fuisse
772 1848 974 1935 mentitum,
1001 1851 1133 1945 autju-

136 1965 265 2033 daicam
282 1961 479 2056 religionem
507 1986 570 2055 pro
593 1986 652 2029 sua
679 1965 844 2057 accepisse
863 1964 1019 2033 arbitrati
1042 1981 1133 2035 suut.

136 2082 188 2147 De
207 2101 273 2171 qua
292 2101 327 2144 re
350 2074 576 2168 suspicionem
605 2074 703 2143 video
727 2076 873 2168 primum
894 2077 1049 2147 incidisse
1067 2082 1135 2148 He·

137 2193 256 2263 renerio
282 2190 416 2261 Philoni
446 2204 478 2259 et
503 2189 593 2259 haud
618 2187 726 2257 muita
758 2205 836 2285 post
863 2193 1002 2286 Origeni
1028 2219 1133 2289 quum

136 2323 254 2378 contra
293 2304 426 2377 Celsum
453 2303 626 2375 <luculente
650 2304 826 2374 dissereret
860 2320 893 2374 et
928 2307 993 2376 hoc
1031 2324 1134 2402 pacto

138 2422 324 2492 scriberet:

190 2528 346 2609 Ἑκαταίου
365 2548 429 2607 τοῦ,
443 2538 596 2630 ἱστορικοῦ
619 2540 741 2630 φέρεται
755 2536 822 2629 περὶ
837 2525 984 2606 laetatae
1002 2537 1131 2626 βιέλίον,

138 2658 168 2721 ἐν
188 2653 425 2748 ᾧπροστίθεται
449 2658 566 2746 μᾶλλον
581 2660 621 2731 ὡς
645 2663 729 2745 σορῷ
744 2664 789 2742 τῷ
804 2653 879 2720 ἔθνει
899 2655 948 2722 ἐπὶ
964 2667 1132 2743 τοσοῦτον,

139 2776 179 2848 ὡς
199 2772 252 2839 καὶ
269 2757 408 2864 Ἑρέννιον
422 2768 545 2849 sphera
561 2773 591 2836 ἐν
604 2778 655 2858 τῷ
665 2771 733 2862 περὶ
753 2753 899 2836 loedoriam
914 2770 1134 2865 συγγράμμασι

138 2896 262 2978 πρῶτον
275 2886 329 2980 μὲν
344 2880 558 2979 appetebam,
574 2883 598 2951 εἰ
612 2893 668 2950 τοῦ
681 2884 834 2976 ἱστορικοῦ
847 2885 914 2952 ἐστὶ
933 2889 969 2954 τὸ
979 2913 1133 2982 συγγραμ-

140 3010 201 3092 μοο,
216 2993 357 3092 δεύτερον
377 2993 397 3066 δ
400 3002 412 3068 ὲ
425 3002 535 3094 λὲγειν,
548 3003 614 3084 ὅτι,
629 2997 711 3093 εἴπερ
726 2998 806 3068 ἐστὶν
822 3003 936 3087 αὐτοῦ,
950 3001 1027 3081 εἰκὸς
1039 3005 1133 3071 αὐτὸν

78 3153 84 3160 ²
141 3117 348 3212 assperitate
361 3116 420 3184 ὑπὸ
434 3126 490 3193 τῆς
504 3113 589 3206 παρὰ
606 3102 756 3195 Ῐουδοιίσις
770 3116 974 3196 πιθανότητος
995 3117 1133 3213 καὶσυγ-

139 3232 374 3301 κατατεθεῒσθαι
388 3235 473 3298 αὐτῶ
487 3242 533 3318 τῷ
543 3231 640 3324 λόγῳ.
655 3228 824 3295 «Hecataei
839 3252 973 3322 quoque
987 3230 1130 3300 circum-

137 3376 156 3410 «
176 3345 335 3415 ferturde
350 3344 472 3414 Judaeis
493 3341 624 3413 libellus
644 3345 764 3436 inquo
784 3342 884 3435 hujus
903 3347 1011 3438 gentis
1029 3371 1131 3440 usque

141 3491 158 3526 e
177 3461 262 3530 adeo
282 3460 478 3555 sapientiam
497 3459 634 3555 probat,
652 3472 688 3527 nt
704 3460 897 3528 Herennius
910 3460 1008 3530 Philo
1022 3464 1056 3530 in
1074 3490 1135 3534 suo

140 3606 159 3644 u
174 3577 215 3646 de
234 3576 357 3647 Judaeis
380 3575 467 3644 libro
488 3577 620 3645 dubitet
643 3575 788 3670 primunr
811 3600 853 3643 an
881 3575 970 3646 illius
986 3565 1137 3651 historici

137 3693 335 3787 ascriptum
368 3690 451 3760 illud
484 3693 547 3775 sit,
579 3690 700 3760 deinde
724 3691 825 3760 addat
856 3680 1021 3785 siquidem
1049 3694 1138 3768 itlius

182 3937 226 4022 ρο)
249 3937 464 3998 sainte-Croix.
480 3941 608 3995 Examen
624 3936 674 3994 des
689 3936 937 3999 hist.·d’hlenand.
953 3960 980 4017 p.
1000 3934 1144 4026 5567559

1014 4036 1034 4107 5
