2534 4522
135 379 150 414 a
166 350 255 440 naeis,
268 350 417 439 Lescbis,
431 349 617 440 didascalis,
629 355 757 447 Lyceo,
774 352 967 442 Academia,
975 354 1128 450 peripato

134 495 150 528 a
167 489 238 533 esse
254 463 453 535 informatos
463 462 561 535 novi:
579 466 772 537 scholarum
783 469 987 538 mentionem
1006 468 1128 553 factam

134 579 314 649 «nondum
334 580 510 650 observavi
521 579 583 677 (a)
600 610 617 646 n
634 585 769 651 Rursus
787 607 865 651 curn
878 583 997 652 eodem
1011 585 1129 652 Jonsio

134 695 254 764 addam
273 720 371 765 voces
388 677 524 769 lovloeiot
541 678 679 778 Ῐουδαῖα,
694 678 882 787 Ῐερουσαλῆμ
902 697 1076 768 Aristoteli
1096 713 1131 770 et

132 809 318 905 aequalibus
334 811 364 878 ei
391 811 611 906 scriptoribus
641 826 674 881 et
705 811 813 881 multo
836 811 943 908 magis
963 815 1131 908 antiquio·

135 926 229 995 ribus
255 927 397 994 omnino
428 927 561 1020 ignotas
584 926 697 1015 fuisse,
732 928 822 996 unde
848 927 944 997 facile
970 928 1131 1021 conjicias

59 1032 62 1038 ⁵
134 1042 204 1109 haee
231 1039 418 1134 fragmenta
458 1039 612 1110 Clearchi
643 1066 767 1110 nomen
792 1039 876 1111 salso
900 1040 1131 1137 praeseferre

132 1179 238 1248 eaque
265 1153 355 1246 quod
379 1153 616 1247 antiquitatem
646 1154 794 1249 aliquam
816 1180 884 1225 suoe
905 1156 997 1250 genti
1016 1156 1131 1225 conci·

133 1270 255 1339 liarent
279 1268 466 1364 'losephum
492 1269 682 1340 inconsulto
713 1285 771 1338 aut
793 1296 832 1339 ex
856 1270 943 1340 mala
974 1271 1045 1342 fide
1069 1271 1130 1340 ad·

133 1386 277 1455 duxissa
597 1389 600 1394 ⁸

185 1501 217 1572 3.
233 1501 397 1594 Equidem
415 1525 453 1569 ea
467 1498 652 1594 ableganda
672 1520 825 1570 censeam
845 1502 933 1570 inter
950 1500 1053 1570 anilia
1075 1498 1129 1570 illa

132 1629 321 1685 cornmenta
331 1639 404 1709 quae
417 1619 436 1684 J
440 1615 522 1683 udaei
533 1629 685 1684 auctores
695 1615 736 1683 de
749 1613 960 1711 philosophis
975 1615 1128 1684 effutive-

134 1745 226 1817 runt,
242 1729 291 1797 vel
308 1729 421 1823 potius
436 1727 594 1799 fabulosae
611 1729 813 1799 mirabilium
832 1755 943 1801 rerum
962 1730 1130 1800 memoria

132 1849 234 1942 (quae
277 1843 426 1942 legenda
464 1843 705 1941 nominamus)
736 1870 967 1916 annumerem.
1012 1847 1128 1934 Quum

127 1964 221 2031 renim
242 1974 381 2056 propter
396 1959 566 2053 sapientiae
583 1957 714 2027 laudem
731 1959 838 2028 Judaei
853 1961 979 2031 Graecis
1001 1959 1129 2028 iuvide-

135 2091 227 2161 rent,
251 2090 289 2146 ut
313 2088 402 2142 recte
423 2073 557 2142 monuit
583 2075 771 2142 Brucker·us
799 2074 874 2166 (af),
893 2099 1027 2143 omnem
1046 2074 1129 2143 arri-

135 2204 283 2286 puerunt
320 2189 529 2257 occasionem
566 2189 748 2260 mentiendi
783 2189 998 2259 Aristotelem
1029 2188 1129 2258 fuisse

133 2305 306 2390 Judaeum,
331 2301 674 2398 Hierosolymitanum
706 2318 808 2396 atque
833 2319 946 2372 ortum
974 2303 1127 2376 detribu

134 2420 309 2513 Benjamin
326 2416 391 2515 (ὃ).
405 2412 475 2487 'Alii
487 2418 657 2487 finxerunt
672 2444 804 2488 omnem
821 2418 1012 2489 Aristotelis
1026 2411 1130 2488 scien-

136 2537 215 2606 tiam
234 2535 352 2607 lurtim
371 2560 389 2602 e
409 2532 503 2603 libris
518 2531 709 2602 Salomonis
725 2526 869 2603 ablatam
890 2534 1127 2605 fuisseuNam

134 2676 240 2722 «cum
251 2648 441 2720 Alexander
457 2649 598 2717 Macedo
615 2648 840 2744 Hiersolymas
855 2650 917 2718 sibi
933 2650 1129 2746 subegisset,

133 2763 381 2837 «Aristotelem
401 2764 462 2858 (ut
484 2764 606 2833 Judaeis
628 2763 758 2860 placet)
782 2761 931 2860 praefecit
958 2766 1130 2834 Thesauro

134 2910 151 2944 «
169 2881 334 2952 librorum
363 2876 562 2949 Salomonis.
595 2877 657 2948 Ille
679 2903 757 2947 vero
785 2879 951 2974 quidquid
982 2880 1062 2948 boni
1095 2881 1128 2948 in

134 2995 232 3065 «illis
254 2997 384 3064 invenit
406 2994 440 3062 id
453 2994 552 3063 omne
566 3019 627 3063 suo
646 2995 748 3089 ipsius
776 2996 912 3064 nomine
930 2995 1051 3081 edidit,
1070 2995 1129 3064 ad·

135 3141 152 3176 u
168 3111 281 3180 mixtis
305 3109 508 3203 quibusdam
529 3109 681 3203 pessimis
707 3100 944 3203 opinionibus,
972 3135 1003 3205 g.
1034 3137 1065 3179 v.
1089 3109 1130 3178 de

132 3255 151 3289 a
169 3224 285 3293 mundi
294 3226 480 3293 aeternitate
495 3220 559 3320 (3).
579 3254 597 3288 n
613 3226 840 3295 Narraverunt
852 3223 907 3293 alii
919 3224 1128 3295 Aristotelem

133 3341 198 3408 sub
218 3338 319 3407 finem
338 3338 412 3406 vitae
430 3337 473 3405 ad
491 3342 508 3406 J
513 3337 683 3407 udaeorum
712 3363 805 3407 sacra
824 3339 1001 3408 accessisse
1019 3354 1053 3408 et
1074 3365 1130 3407 no·

135 3480 211 3524 vum
232 3453 458 3524 lucubravisse
479 3452 602 3522 librum
633 3453 666 3522 in
687 3462 755 3548 quo
783 3477 918 3522 omnem
939 3480 1032 3524 suam
1054 3453 1128 3549 pbi-

174 3739 215 3818 (ι)
237 3742 318 3796 Jons.
334 3735 408 3794 Hist.
424 3734 532 3793 Philos.
549 3733 602 3792 lib.
620 3739 643 3792 1.
658 3754 684 3791 e.
701 3753 787 3794 xvrn.
804 3755 832 3795 a.

172 3836 213 3916 (a)
236 3834 373 3893 Bracker.
393 3835 468 3890 Hist.
484 3832 558 3890 Phil.
573 3836 596 3890 1.
611 3853 640 3912 p.
663 3841 731 3909 794.

176 3935 215 4013 (3)
239 3931 307 3990 Fab.
325 3929 398 3989 Bibl.
412 3950 494 4007 graer.
509 3935 546 3988 ll.
559 3950 586 4008 p.
604 3932 665 3987 162.
