2512 4516
596 236 635 278 10

114 374 222 469 νόμους
246 372 443 466 βλασφημίας
460 363 566 439 δοῦναι
591 363 678 444 δίκην
701 360 806 439 haias
837 375 892 446 τὴν
923 374 1110 464 πρέπουσαν.’

115 490 308 585 Περιετμῆθη
331 486 389 583 γὰρ
412 481 445 566 ἐξ
467 486 637 583 ἀνάγκης...
661 485 712 553 καὶ
739 479 836 580 μηδὲν
853 485 1021 579 ὠφεληθεὶς
1048 483 1109 551 ὑπὸ

117 615 172 685 τῆς
197 615 377 700 περιτομῆς,
397 601 477 671 ἀλλὰ
501 603 683 696 σιτεόμενος,
703 603 731 670 ἔν
753 593 864 681 δειναῖς
889 593 1009 680 ὀδύναις
1030 601 1109 668 cirri·

116 713 211 780 θανιν.
222 749 239 783 a
253 718 272 788 J
275 741 334 786 ure
348 717 431 785 mihi
448 715 581 784 videtur
597 716 683 810 Apio
697 715 742 783 ob
755 715 932 785 maledicta
943 716 980 784 in
993 713 1110 810 patriae

116 861 133 896 a
148 856 216 901 suae
231 831 319 928 leges
336 856 451 927 poenas
470 831 610 917 dedisse,
630 853 714 923 quas
736 833 946 901 commeruit.
962 831 1050 902 Nam
1070 854 1109 899 ex

116 948 344 1016 «necessitate
375 946 592 1014 circumcisus
612 960 699 1028 erat,
715 959 751 1013 et
772 969 848 1014 cum
870 943 953 1014 nihit
974 945 1007 1012 ei
1030 966 1108 1038 pro·

117 1091 135 1125 ιι
151 1058 270 1130 fuisset
285 1061 508 1146 circumcisio,
528 1060 585 1130 sed
600 1075 817 1156 putresceret,
835 1062 965 1158 magnis
984 1057 1110 1129 dolori·

116 1206 133 1242 «
148 1177 212 1246 bus
230 1177 394 1272 expiravit
407 1177 503 1272 (1).»

165 1294 237 1362 Nec
262 1292 427 1387 Josephus
450 1291 616 1387 externplo
644 1309 718 1386 post
745 1308 917 1362 mortuum
945 1291 1107 1385 Apioneni

117 1421 234 1478 contra
256 1430 331 1476 eum
356 1406 528 1496 disseruit,
548 1428 627 1490 nec,
645 1406 726 1476 dum
741 1410 774 1477 in
803 1405 941 1478 Galilaea
959 1424 1111 1476 commo-
1163 1398 1164 1401 ¹

115 1524 264 1608 rebatur,
290 1538 405 1618 postea
423 1546 503 1591 vero
526 1548 603 1592 curn
622 1525 740 1592 Romae
772 1546 874 1618 agens
893 1544 1110 1620 summosque

116 1638 259 1707 honores
281 1636 434 1732 adeptus,
459 1637 645 1705 Domitiani
660 1635 808 1707 favorem
829 1651 994 1732 captaret,
1020 1636 1108 1710 hanc

115 1753 383 1822 dissertationem
407 1751 530 1835 edidit3
550 1753 609 1821 hos
638 1754 729 1822 enirn
756 1753 860 1822 libros
888 1754 929 1824 de
957 1754 1107 1848 antiqui-

115 1883 184 1937 tate
213 1867 406 1937 Judaeorurn
428 1857 664 1962 Epaphrodito
692 1890 753 1937 suo
776 1864 933 1957 κρατίστῳ
952 1874 985 1930 et
1000 1884 1107 1958 τιμιω-

113 1976 201 2064 τάτῳ
229 1984 454 2080 nuncupavit,
484 1982 574 2052 unde
612 1997 690 2051 ante
716 2004 843 2052 annum
872 1968 998 2054 Christi
1039 2009 1109 2054 xcv

115 2088 226 2159 editos
244 2090 346 2160 fuisse
372 2104 533 2184 apparet,
558 2113 627 2184 quo
646 2089 914 2184 Epaphroditum
938 2090 1107 2160 Domitia-

117 2226 180 2271 nus
202 2202 378 2273 interfecit.
397 2207 553 2296 Cumque
571 2203 740 2296 Josephus
762 2203 796 2270 in
809 2204 979 2273 Memoria
995 2226 1106 2273 rerum

115 2342 251 2386 suarum
263 2318 304 2386 ad
317 2317 473 2387 eumdem
489 2317 761 2413 Epaphroditum
777 2320 975 2413 composita,
993 2344 1109 2388 ornnes

96 2431 190 2500 »vitae
209 2456 276 2500 suae
294 2447 435 2501 eventus
462 2444 687 2526 prosequatur
711 2456 819 2526 usque
836 2433 878 2502 ad
898 2422 1024 2502 annum
1045 2456 1108 2502 no·

117 2547 325 2642 nagesimurn
349 2562 381 2616 et
407 2560 520 2626 tamen
543 2547 585 2616 de
612 2546 706 2616 libris
733 2549 765 2616 in
796 2550 961 2643 Apionem
980 2563 1109 2639 taceat,

115 2660 195 2731 hinc
216 2661 372 2732 concludi
395 2678 504 2757 potest
525 2664 588 2732 ho‘s
613 2661 716 2731 libros
744 2660 833 2732 intra
851 2663 1107 2758 nonagesimum

102 2791 148 2845 'et
162 2779 419 2873 nonagesimum
433 2778 588 2873 quintum
606 2799 732 2846 annum
751 2779 784 2846 in
807 2775 916 2847 lucem
935 2779 1108 2873 prodiisse.

163 2893 238 2962 iarn
267 2890 432 2961 hahemus
461 2890 620 2961 caliidum
646 2904 679 2960 et
704 2904 869 2961 emunctae
890 2892 1107 2962 naris'homi·

117 3033 205 3083 uem.
245 3008 380 3087 Etenim
420 3008 507 3077 hanc
547 3006 712 3077 fallaciam
747 3022 858 3078 astute
884 3009 984 3080 struit
994 3062 1010 3095 ,.
1032 3033 1108 3078 curn

114 3126 312 3225 Graecorum
339 3125 542 3218 scriptorum
571 3122 710 3217 placita,
738 3149 813 3217 quae
843 3123 964 3195 Judaeis
994 3124 1110 3218 iniqua

115 3250 231 3326 erant,
252 3238 339 3307 sinat
362 3238 587 3336 preterfluere
613 3253 645 3307 et
673 3237 939 3307 dissertationem
974 3239 1108 3309 interim

115 3366 209 3445 paret
225 3376 312 3446 quae,
336 3368 412 3447 post
431 3368 574 3423 mortem
600 3353 738 3449 Apionis
756 3367 1032 3450 caeterorumque,
1049 3379 1109 3424 su·
1127 3389 1129 3393 ’

115 3466 187 3536 bito
202 3468 236 3537 in
256 3464 364 3537 lucem
383 3468 540 3562 prodeat3
560 3483 632 3537 tum
646 3460 821 3536 Phoenices
835 3483 989 3537 auctores
1006 3467 1109 3539 Chal-

116 3583 274 3678 daeosque
296 3582 458 3670 adducet3
484 3599 554 3653 tum
587 3581 731 3669 indoctis
759 3598 792 3680 et
820 3609 879 3653 ore
901 3583 1025 3679 patulis
1051 3585 1110 3653 ho·

117 3699 263 3769 minibus
291 3697 396 3775 intrita
419 3714 452 3767 et
470 3696 628 3793 praeclara
651 3699 841 3770 testimonia
865 3714 1021 3794 exponet.
1041 3702 1111 3770 Me·

155 3941 197 4018 (1)
216 3945 237 3999 F
241 3941 294 3998 iar.
310 3947 369 4001 ios.
385 3948 442 4021 Op.
457 3955 475 4000 t.
488 3946 526 4001 ll.
539 3962 568 4021 p.
585 3944 652 4013 480.
666 3941 711 4001 ed.
724 3948 929 4022 Harer·carnp.·

842 4038 865 4073 ἱ
