2534 4522
607 199 654 294 89
936 186 974 279 ‘t

185 353 225 419 Ar
236 347 450 417 mrrltoerunt
466 345 544 416 lunc
557 347 733 444 quaestioni
751 342 1123 441 solvendaeadjumento

132 458 202 535 baec
232 466 331 533 verba
369 464 500 533 Tatiani
537 465 599 533 viri
626 444 807 532 admodum
846 444 987 544 erudiit,
1020 475 1126 544 etut

132 607 231 674 supra
249 579 563 668 animadvertimus,
587 577 730 648 inlibris
750 592 783 645 et
804 573 981 646 annalibus
1006 577 1146 645 barba·¹

131 722 245 766 rorum
263 698 342 765 satis
355 676 485 764 versati.
502 694 561 762 Ille
576 695 680 788 igitur
704 693 745 762 de
760 691 951 769 Judaeorum
972 676 1123 788 antiqui-

131 827 200 881 tate
220 812 291 880 fuse
309 810 494 896 disserens,
514 810 577 878 hoc
596 823 695 902 parto
707 807 903 877 Phoenicum
918 809 1121 902 scriptorum

131 925 322 1007 testimonia
353 923 491 991 adhibet
513 950 521 992 ι
550 927 661 992 «Post
687 921 863 991 Chaldaeos
882 923 929 990 sic
950 947 984 990 se
999 923 1123 993 habent
1228 985 1231 991 .

131 1069 146 1101 ιι
163 1039 432 1109 resPhoenicum.
448 1029 658 1107 Exstiterunt
673 1036 761 1130 apud
778 1061 834 1106 eos
850 1037 1002 1122 tresviri,
1015 1038 1123 1106 Theo-

84 1132 86 1139 *
130 1153 284 1241 «dotus,
314 1153 550 1245 Hypsicrates,
591 1151 736 1220 Mochus
760 1176 768 1217 ι
794 1150 916 1219 borum
953 1150 1056 1219 libros
1087 1154 1121 1220 in

130 1290 306 1359 «graecam
328 1263 474 1358 linguam
499 1265 664 1332 convertit
687 1267 799 1333 Laetus
814 1264 872 1357 qui
892 1277 925 1332 et
946 1265 1029 1332 vitas
1048 1265 1122 1358 phi-

128 1411 143 1444 «
162 1379 379 1473 losophorum
413 1393 568 1447 accurate
600 1379 808 1472 conscripsit,
856 1382 896 1447 ln
926 1379 978 1446 his
1009 1393 1121 1447 autem

131 1524 147 1556 ιι
162 1494 309 1562 historiis
325 1507 483 1561 narratur
499 1492 561 1560 sub
578 1493 723 1585 quodam
744 1518 822 1587 rege
839 1507 955 1586 raptus
969 1497 1124 1588 Europae,

129 1605 310 1676 «Menelai
341 1607 374 1672 in
406 1607 589 1701 AEgyptum
618 1605 804 1692 adventus,
836 1611 875 1673 a'c
902 1631 953 1674 res
980 1608 1079 1675 etiam
1105 1634 1123 1676 a

129 1752 148 1783 v«
164 1719 325 1790 Chiramo
340 1735 440 1813 gestae
456 1721 513 1812 qui
527 1719 629 1787 filiam
642 1745 735 1787 suam
747 1718 918 1788 Salomoni
933 1723 950 1787 J
954 1718 1124 1790 udaeorum

131 1834 236 1929 «regi
254 1835 285 1901 in
306 1835 559 1902 matrimonium
576 1833 684 1921 dedit,
706 1859 745 1901 ac
764 1858 863 1901 omne
882 1830 1053 1926 lignorum
1071 1861 1125 1929 ge·
1191 1905 1195 1912 ,

130 1979 148 2012 a
165 1974 227 2015 nus
243 1947 285 2015 ad
299 1947 413 2042 templi
431 1948 715 2016 constructionem
736 1947 975 2041 suppeditavit.
999 1949 1123 2018 Eadem

132 2093 148 2126 «
166 2063 280 2131 scribit
294 2061 481 2130 Menander
496 2044 731 2154 Pergamenus.
757 2064 806 2130 Ac
826 2061 974 2131 Chirami
989 2065 1123 2156 quidem

131 2209 148 2240 ι
165 2193 244 2246 aetas
262 2176 371 2245 Iliacis
395 2177 495 2245 rebus
514 2178 623 2247 vicina
642 2190 690 2246 est
709 2203 716 2244 :
741 2175 897 2245 Salomon
916 2192 1026 2246 autem
1046 2178 1125 2249 Chi·

132 2323 148 2356 «
165 2318 257 2361 ramo
276 2289 413 2385 aequalis
430 2290 537 2378 multo
555 2291 720 2360 recentior
734 2305 783 2359 est
798 2294 903 2360 Mosis
917 2306 1013 2360 aetate
1028 2292 1125 2389 (1).»

186 2408 278 2478 Μετὰ
308 2394 344 2474 dl
373 2409 444 2486 τοὺς
472 2400 651 2487 Χαλδαίους
684 2405 725 2474 τὰ
751 2409 897 2476 Φοινίκων
926 2414 1023 2489 οὕτως
1050 2413 1123 2503 ἔχει.

133 2525 293 2618 Γεγόνασιν
317 2525 391 2616 παρ’
414 2525 624 2617 αὖτοῑςτρεῒς
657 2514 764 2616 ἄνδρες
785 2516 960 2609 Θεόδοτος,
985 2513 1124 2618 Ῠψικροί-

133 2667 200 2721 της,
228 2644 361 2730 Μῶχος·
394 2639 512 2705 τούτων
539 2636 593 2716 τὰς
618 2631 743 2721 βίάλους
772 2637 811 2716 εἰς
839 2626 998 2712 Ἑλληνίδα
1025 2647 1124 2733 φωνην
1205 2731 1206 2734 ¹

133 2866 447 2962 πραγματευσάμενος
462 2872 491 2934 ἐν
511 2860 546 2936 δὲ
566 2873 634 2945 ταῖς
654 2878 716 2935 τῶν
733 2870 954 2960 προειρημένων
975 2861 1125 2943 δηλοῦται

134 2983 300 3075 ἱστορίαις,
332 2987 416 3049 κατά
437 3008 506 3050 τινα
538 2993 600 3049 τῶν
634 2983 782 3067 βασιλέων
806 2984 957 3075 Εὐρώπης
983 2985 1123 3080 ἁρπαγὴν

133 3099 299 3194 γεγονέναι,
315 3096 472 3172 Μενελάου
501 3124 534 3165 τε
562 3097 602 3176 είς
625 3100 680 3172 τὴν
703 3098 844 3171 Φοινίκην
872 3092 992 3188 ἄφιξις,
1012 3099 1124 3169 καὶτὰ

133 3214 201 3304 περὶ
217 3211 390 3304 Χείραμον,
412 3215 494 3291 ὅστις
506 3216 663 3305 Σολομῶνι
681 3220 728 3299 τῷ
750 3197 894 3280 laudatior
915 3216 1037 3297 βασιλεῖ
1050 3219 1124 3308 πρὸς

133 3332 232 3424 γάμον
244 3320 315 3406 δοὺς
330 3331 386 3400 τὴν
406 3329 570 3423 θυγατέρα,
589 3327 642 3394 καὶ
658 3322 752 3405 ξύλων
769 3320 979 3396 παντοδαπῶν
996 3333 1069 3405 ὓλην
1084 3331 1123 3411 εἰς

132 3449 188 3520 τὴν
206 3454 262 3510 τοῦ
275 3453 348 3510 ναοῦ
366 3448 558 3519 κατασκευὴν
574 3435 761 3536 ἐδωρήσατο.
783 3443 847 3511 Καὶ
863 3436 1040 3540 Μένανδρος
1059 3437 1123 3513 ded

133 3555 332 3655 Περγαμηνὸς
356 3557 423 3649 περὶ
448 3569 509 3624 τῶν
533 3563 632 3626 αὐτῶν
661 3560 717 3631 την
743 3559 920 3652 ἀναγραφὴν
941 3562 1121 3637 ἐποιήσατο.

134 3678 195 3741 Τοῦ
214 3666 249 3740 δὲ
267 3672 427 3765 Χειράμου
451 3678 467 3739 α’
488 3674 595 3765 χρόνος
614 3664 676 3746 ἤδη
697 3698 755 3738 που
777 3679 841 3751 τοῖς
856 3673 982 3752 ίλιααοῖς
1001 3669 1122 3767 ἐγγίζει.

176 3913 215 3990 (ι)
236 3917 264 3972 S.
278 3919 349 3971 Just.
366 3933 415 3990 op.
433 3917 498 3970 Tat.
511 3912 546 3970 ad
560 3931 602 3988 gr.
617 3913 683 3983 273.
