2534 4522
626 202 674 296 to

151 348 338 422 zoroastris
369 363 401 417 et
429 346 572 417 Diodori
603 346 706 417 Siculi
734 344 964 416 voluminibus
991 347 1143 453 perlectis

153 465 280 535 nullam
308 462 398 558 apud
430 462 604 532 Chaldaeos
626 479 685 532 aut
718 461 835 532 Persas
867 464 974 557 possis
1002 463 1144 559 liguram
1197 490 1219 548 ‚s

154 581 305 649 invenire
315 603 388 672 quae
405 586 481 646 curn
492 577 868 670 Oannequodammodo
882 577 1083 648 conferatur.
1101 585 1146 650 At
1244 601 1247 607 ’

152 696 265 791 potius
291 693 463 775 Dercetim
487 719 589 786 quam
612 694 687 788 Syri
708 693 805 786 juxta
829 691 1004 764 Ascalonis
1035 692 1144 765 lacum

155 811 244 900 fama
256 823 307 878 est
327 807 469 878 coluisse
488 807 559 904 (ι),
592 807 642 877 νο]
657 807 754 877 deam
770 809 876 903 ipsam
896 811 1026 903 Syriam
1045 834 1148 903 quam

155 927 327 995 lancianus
351 923 545 1010 celebravit,
563 925 677 994 Oanni
704 923 796 993 haud
823 922 1009 993 absimilem
1036 924 1150 993 videre

156 1040 239 1108 mihi
251 1038 375 1110 videor.
392 1037 493 1106 Unde
505 1037 645 1106 fortasse
658 1037 827 1130 conjicere
841 1034 930 1125 licet,
950 1036 991 1105 ad
1006 1036 1151 1107 sormam

134 1147 296 1247 ‘hujusce
332 1151 398 1221 Dei
437 1165 665 1245 portentosam
710 1149 800 1219 illam
840 1150 969 1220 Oannis
1006 1153 1149 1244 speciem

86 1262 95 1277 ⁸
157 1269 260 1338 luisse
284 1267 532 1337 adumbratam.
557 1263 634 1351 Vel,
661 1265 690 1334 si
721 1263 819 1334 fidem
838 1262 995 1373 Helladio
1017 1265 1152 1354 habeas,

115 1446 117 1450 Α
157 1385 251 1452 hanc
284 1379 434 1450 eamdem
464 1379 611 1449 belluam
640 1381 674 1448 in
707 1380 811 1449 sacris
830 1381 1063 1474 AEgyptiorum
1094 1397 1155 1451 aut

157 1502 356 1568 Graecorum
382 1493 540 1583 monstris
575 1494 838 1562 annumerabis:
861 1492 1039 1564 Helladius
1062 1497 1152 1564 enirn

159 1625 276 1681 narrat
294 1610 433 1678 «virum
451 1607 628 1702 quemdam
649 1595 785 1677 nomine
797 1613 872 1678 Oen
886 1609 922 1676 in
933 1608 1052 1679 Rubro
1065 1613 1152 1680 mari

156 1756 176 1792 a
196 1726 316 1812 visum,
343 1723 522 1792 habentem
542 1735 659 1793 catera
685 1723 836 1792 membra
857 1723 969 1816 piscis,
994 1741 1096 1819 caput
1121 1741 1155 1796 et

160 1873 177 1905 a
195 1840 296 1935 pedes
312 1853 347 1908 et
361 1863 481 1907 manns
495 1837 654 1926 hominis,
668 1853 701 1906 et
713 1837 901 1907 ostendisse
913 1842 1153 1910 astronomiam

162 1986 180 2020 π
198 1969 233 2024 et
247 1954 384 2023 litteras.
394 1952 545 2041 Quidam
555 1951 672 2023 dicunt
684 1951 779 2021 illum
797 1967 912 2022 natum
929 1977 1000 2022 esse
1012 1978 1031 2022 a
1045 1955 1157 2050 primo

161 2083 337 2164 «parente
362 2070 433 2137 Oro
460 2081 492 2135 et
525 2067 638 2135 testari
671 2091 813 2152 nomen,
843 2067 1015 2137 hominem
1042 2083 1154 2137 autem

157 2218 176 2249 a
196 2183 339 2252 omnino
358 2207 442 2270 esse,
464 2182 590 2276 piscem
598 2206 678 2249 vero
694 2181 1033 2276 videri,quotlpiscis
1052 2208 1153 2276 squa-

160 2329 178 2365 n
198 2299 262 2367 mis
275 2297 412 2366 indutus
420 2312 524 2367 esset:
541 2297 715 2392 μοθωλογσῖ
728 2290 828 2391 ἄνδρα
845 2297 924 2377 τινὰ,
942 2285 1155 2392 ὡνόμασμένον

161 2403 242 2502 (hir,
263 2417 297 2482 ἐκ
318 2424 373 2494 τῆς
391 2400 528 2508 Ερυθρᾶς
550 2410 705 2492 θαλοίσοης
731 2414 876 2500 ἀνελθεῖν,
894 2409 995 2482 τᾶλλα
1013 2417 1066 2507 μὲν
1094 2421 1156 2484 τῶν

162 2537 261 2625 μελῶν
289 2529 533 2622 ἰχθόοςόχοντα,
556 2533 690 2619 κεφαλὴν
715 2520 750 2594 δὲ
782 2528 836 2595 καὶ
857 2520 958 2606 πόδας
985 2529 1035 2596 καὶ
1057 2538 1157 2624 χεῖρας

162 2638 286 2740 ἀνδρός·
312 2645 364 2712 καὶ
381 2637 566 2721 Ικαταδεῖξαι
587 2648 643 2720 την
672 2668 707 2711 τε
735 2644 951 2736 ἀστρονομίαν,
978 2645 1031 2711 καὶ
1058 2646 1157 2740 γράμ-

166 2786 265 2854 ματα.
284 2759 325 2826 Οἱ
340 2751 374 2826 δὲ
393 2759 485 2826 αὐτὸν
506 2764 540 2826 ἐκ
561 2767 617 2825 τοῦ
631 2757 828 2852 πρωτογόνου
847 2761 1009 2850 πεφηνέναι
1019 2762 1160 2854 λέγουσιν

168 2864 246 2959 (lob,
257 2876 312 2942 καὶ
329 2881 490 2967 μαρτυρεῖν
508 2876 655 2964 τοόνοροα·
674 2868 830 2964 ἄνθρωπον
849 2866 884 2939 δὲ
894 2874 970 2941 ὄντα
987 2873 1028 2942 τὰ
1045 2875 1160 2960 πάντα,

169 2990 254 3082 ἰχθὺν
269 2982 370 3067 δόξαν,
391 2980 496 3079 διόπερ
512 2988 662 3081 ἠμφίεστο
681 2981 808 3061 κητώδη
829 2980 922 3082 δοροίν
942 2979 1004 3082 (a).
1037 2989 1161 3081 Liquet

168 3117 243 3183 Oen
271 3115 314 3183 ab
345 3093 593 3181 Oanne‘haud
618 3108 721 3179 aliu-m
747 3136 816 3178 esse
849 3126 881 3178 et
919 3112 1071 3191 eumdem
1098 3101 1161 3182 htv

171 3234 300 3315 patrem
325 3219 491 3300 habuisse,
520 3217 553 3285 id
573 3231 623 3285 est
646 3242 685 3284 ex
697 3241 761 3284 ovo
781 3216 897 3284 mundi
916 3234 1052 3302 natum,
1069 3219 1160 3312 quorl

170 3334 308 3428 quidem
321 3335 475 3428 Syricum
494 3358 561 3401 non
578 3329 796 3401 Chaldaicum
816 3329 894 3399 olet.
1054 3404 1056 3410 ,

223 3450 301 3519 Non
323 3445 533 3541 negligenda,
556 3459 590 3513 at
611 3459 728 3514 contra
752 3446 917 3514 innostra
935 3472 1070 3540 quoque
1093 3463 1165 3516 tru-

173 3565 246 3630 tina
280 3560 467 3655 pensanda,
510 3585 584 3654 quae
609 3558 698 3653 apud
727 3558 917 3628 Diodorum
951 3559 1100 3630 Siculum
1129 3578 1167 3632 et

172 3681 335 3748 Berosum
355 3676 396 3744 de
414 3675 650 3744 Chaldaeorum
672 3672 831 3768 religione
849 3690 1076 3768 exponuntur.
1095 3677 1167 3748 Pla·

215 3826 255 3904 (t)
278 3826 364 3886 υἱον.
377 3826 433 3885 stc.
448 3826 500 3884 111.
515 3824 589 3882 rtn.
600 3826 681 3883 nn.
692 3829 725 3892 v,
741 3824 787 3880 32.
806 3805 895 3881 olid.
910 3829 976 3882 net.
990 3801 1036 3883 Ιν.
1051 3826 1099 3894 45.

217 3925 255 4003 (ο)
277 3923 446 3983 Phot.Bibl.
461 3921 534 3982 Cod.
554 3942 621 3997 279·
639 3942 665 3999 p.
686 3920 771 3998 1593.
788 3920 832 3980 ed.
845 3921 984 3980 Rothom.
1002 3924 1086 4000 1659.

1023 4025 1046 4108 l
1157 4112 1159 4114 ,
