2534 4522
649 193 693 266 50

131 403 133 406 Α
174 347 241 414 cita
257 346 346 415 enim
367 344 508 437 hujusce
519 343 627 438 gentis
640 342 707 412 duo
723 343 756 411 lri
775 346 955 440 scriptores
974 348 1176 442 proferunt,⁴

116 486 123 494 ·
174 475 208 529 at
246 461 280 529 in
302 459 420 530 iisdem
440 458 651 554 proferendis
685 459 730 526 ita
753 459 945 554 discrepant
982 478 1020 531 ut
1060 463 1166 532 Chal·

173 575 321 645 deorum
344 599 441 644 sacro
458 589 524 644 tam
542 572 823 643 commendabilia
851 577 942 669 apud
970 577 1166 648 Diodorum

171 689 350 760 videantur
377 688 602 784 quamapud
626 691 788 760 Berosum
820 689 972 761 ridicula.
1002 694 1081 762 Haec
1114 718 1169 763 ea·

170 805 253 874 dem
270 805 338 875 dici
371 819 510 898 possunt
532 803 576 873 de
594 807 747 890 Menate,
784 807 880 899 cnjus
905 807 1039 876 haeresis
1066 810 1166 901 qnasi

170 944 212 988 ex
227 917 390 1012 religione
403 922 580 988 Persarum
598 943 752 1010 expressa
764 918 869 988 multa
883 922 1052 990 Zoroastri
1070 921 1169 991 libris

169 1035 269 1103 habet
284 1048 519 1103 consentanea.
541 1035 677 1103 Etenim
698 1032 849 1103 invenies
866 1035 958 1130 apud
972 1035 1167 1108 Diodorum

168 1148 470 1216 omnemsiderum
490 1147 684 1242 religionem
699 1149 774 1243 (a),
790 1164 861 1218 tum
881 1151 972 1243 apud
991 1153 1167 1228 Manetem

167 1261 238 1330 haec
267 1261 354 1330 inter
388 1262 516 1330 bonnm
545 1260 741 1356 malumque
780 1288 905 1332 numen
942 1289 961 1332 a
996 1267 1168 1360 principio
1238 1253 1249 1268 ’

167 1395 283 1447 exorta
304 1379 487 1448 certamina
498 1378 566 1473 (3l

215 1494 308 1563 Libri
338 1509 449 1565 autern
481 1497 595 1563 Berosi
616 1494 780 1564 sacrificia
809 1510 954 1589 votaque
979 1498 1081 1565 astris
1102 1498 1166 1566 ad·

168 1608 273 1679 lribita
298 1633 318 1677 a
349 1607 516 1679 Chaldaeis
542 1610 704 1677 omittunt
728 1635 791 1678 nec
821 1608 923 1679 ullam
953 1613 1162 1682 mentionem

166 1724 290 1793 habent
300 1723 581 1816 sempiternorum
591 1724 679 1791 inter
686 1722 810 1793 malum
823 1725 1018 1818 bonumque
1034 1750 1162 1796 numen

166 1838 417 1925 discriminnm3
431 1851 466 1905 at
483 1852 602 1906 contra
621 1837 747 1929 ubique
769 1837 926 1906 videntur
939 1837 1163 1908 Ethnicorum

165 1951 363 2048 religionem
375 1948 534 2020 redolere.
552 1951 690 2044 Quippe
706 1976 780 2045 quae
794 1951 920 2046 placuit
930 1957 1056 2022 Beroso
1068 1955 1167 2048 apud

164 2066 409 2163 Polyhistorem
437 2066 479 2134 de
509 2066 625 2159 primis
657 2065 798 2158 hujusce
838 2081 932 2136 terrae
967 2067 1161 2138 hominibus

164 2182 307 2253 'adscribi
329 2198 431 2276 atque
450 2180 492 2249 de
515 2194 709 2274 portentosa
727 2202 844 2248 eorum
881 2182 1011 2274 specie,
1031 2181 1159 2250 scilicet

164 2295 516 2391 quosdamqnaternis
533 2293 596 2364 alis
614 2295 795 2363 instructos
814 2293 926 2381 fuisse,
946 2294 1029 2364 alios
1045 2297 1158 2390 capri-

164 2413 217 2480 nis
248 2411 431 2479 femoribus
460 2423 493 2478 et
525 2409 635 2502 capite
657 2411 858 2502 cornigero,
887 2408 971 2480 alios
1008 2410 1159 2479 humano

164 2524 272 2615 vultu,
292 2550 432 2619 corpore
453 2539 565 2593 autem
583 2524 718 2617 equino,
735 2523 880 2618 denique
905 2509 989 2594 alios
1012 2526 1155 2618 piscium

160 2642 286 2728 caudis,
302 2642 521 2732 omniumque
538 2639 660 2706 lrorum
685 2639 848 2732 imagines
874 2639 1056 2734 intemplo
1082 2640 1154 2710 Beli

160 2770 313 2825 accurate
335 2754 434 2823 fuisse
454 2753 601 2846 depictas
626 2767 659 2819 et
680 2767 876 2842 asservatas,
897 2739 967 2822 haec
985 2756 1090 2849 magis
1110 2755 1153 2823 ad

159 2871 378 2939 Ethnicorum
394 2866 633 2959 fabulasquam
649 2866 694 2934 ad
706 2866 938 2936 Chaldaeorum
955 2867 1158 2964 religionem.

160 2984 433 3054 accommodante
446 2997 535 3050 sunt.
561 2984 631 3050 Nec
650 2981 765 3049 eadem
784 2982 940 3051 videntur
966 3007 1153 3078 congruere
1170 3003 1172 3007 '
1205 3023 1208 3026 ·

161 3099 318 3169 cumaliis
333 3098 445 3167 Berosi
461 3096 569 3163 verbis
583 3095 755 3188 quaeapud
766 3094 972 3165 Clementem
983 3097 1153 3190 leguntur.

160 3219 246 3286 Nam
272 3213 427 3282 Clemens
447 3208 692 3278 Alexandrinus
710 3237 727 3274 n
741 3212 857 3278 Persas
882 3213 929 3279 ait
948 3236 1057 3305 neque
1074 3236 1153 3281 curn

154 3358 179 3393 st
195 3328 320 3397 Graecis
338 3325 428 3419 ligna
448 3340 482 3393 et
510 3322 647 3419 lapides,
670 3348 779 3416 neque
802 3349 879 3392 cum
898 3328 1061 3420 AEgyptiis
1085 3327 1157 3396 Ibi-

161 3475 176 3508 «
196 3443 254 3512 das
269 3457 303 3509 et
318 3439 574 3523 Ichneumonas,
591 3453 701 3506 tamen
718 3463 794 3534 cum
809 3437 1018 3533 philosophis
1041 3442 1155 3535 ignem

161 3586 179 3622 a
195 3572 230 3626 et
246 3578 368 3650 aquam
395 3577 465 3620 esse
488 3551 627 3620 deorum
652 3549 829 3620 simulacra
854 3553 1031 3645 putavisse.
1058 3555 1156 3642 Quin

162 3703 179 3738 a
199 3687 231 3740 et
265 3684 342 3764 post
383 3667 512 3760 aliquot
552 3664 672 3735 saecula
711 3691 768 3734 eos
800 3667 941 3764 coluisse
976 3669 1155 3740 simulacra

162 3818 177 3852 (ι
197 3782 342 3854 humana
363 3780 648 3877 speciepraedita,
684 3782 829 3850 ostendit
863 3785 895 3850 in
932 3773 1029 3854 terlio
1057 3783 1157 3854 Chal-

199 3952 240 4029 (1)
262 3945 350 4006 Diod.
362 3944 418 4004 sic.
431 3942 482 4001 lib.
497 3945 533 4001 ll.
547 3963 571 4000 c.
588 3943 741 4019 29·32.··
754 3943 797 4020 (a)
813 3945 928 4022 Disput.
949 3946 1026 4005 inter
1039 3945 1151 4005 Arche.

161 4049 239 4108 laum
252 4060 280 4106 et
296 4048 452 4105 Manetem.
466 4040 577 4102 Routh.
590 4041 653 4100 Rel.
669 4061 726 4100 sac.
746 4052 765 4105 t.
779 4045 825 4101 tv.
840 4062 868 4120 p.
886 4044 1027 4116 117-288.
