2534 4522
611 246 652 316 16

132 397 329 486 discernere,¹
348 394 575 464 animadverte
598 396 673 490 quis
695 394 879 465 blaterandi
911 411 944 465 et
963 395 1125 468 illudendi

132 524 239 580 artem
264 511 370 606 magis
398 507 526 580 calleat.
550 511 704 582 Profecto
733 510 824 606 apud
851 512 1036 608 losephum
1063 514 1127 584 snb

133 626 245 696 Berosi
259 625 355 694 istius
372 624 475 720 pallio
493 628 702 696 Mercurium
719 626 1003 696 denuoinvenies.

180 747 232 813 De
253 741 503 813 commentariis
527 767 602 836 quae
628 744 807 812 Cassianus
826 757 859 811 et
877 745 993 813 Justus
1010 767 1128 812 exara·

132 874 265 944 verunt,
293 883 399 952 quum
430 872 560 927 aetatem
591 884 658 928 non
689 858 842 948 tulerint,
863 859 949 929 nihil
977 860 1045 930 dici
1068 884 1129 954 po·
1203 877 1205 882 ’

133 990 206 1045 test.
239 978 397 1043 Attamen
416 988 548 1043 constat
569 978 704 1044 lustum
723 975 899 1045 Tiberiade
927 975 1127 1063 oriundum,

131 1089 277 1185 Josepho
291 1088 393 1158 fuisse
413 1088 585 1183 aequalem,
603 1105 636 1159 et
655 1091 742 1160 inter
759 1114 817 1160 cos
833 1091 998 1160 exstitisse
1012 1091 1130 1160 simul-

132 1203 294 1300 tates(1);
305 1229 451 1297 cumque
460 1207 576 1273 Justus
593 1205 784 1275 mendaciia
800 1206 943 1301 Josepho
951 1211 1128 1302 arguatur,

133 1320 211 1390 inde
223 1320 383 1414 augurari
402 1317 481 1388 licet
498 1318 648 1414 ejusdem
668 1321 818 1391 criminis
831 1321 1014 1416 loseplrum
1025 1320 1129 1390 fuisse

133 1460 245 1522 reum;
274 1434 357 1528 quid
377 1458 457 1502 vero
478 1434 663 1526 augurari?
681 1438 805 1506 Nonne
823 1459 866 1505 ex
894 1436 975 1530 ipsis
991 1435 1130 1530 Josephi

136 1551 244 1620 uerbis
274 1573 325 1617 res
356 1544 456 1642 plane
484 1547 611 1644 liquet?
635 1551 840 1640 «Quoniam
867 1549 991 1619 multos
1019 1549 1130 1638 video,

132 1696 147 1726 a
164 1667 223 1755 nit,
243 1665 300 1758 qui
327 1661 514 1732 maledictis
540 1664 752 1733 sermonibus
769 1663 858 1733 malo
875 1664 1026 1734 animoa
1051 1666 1131 1759 qui-

133 1776 308 1847 «busdam
325 1776 474 1870 jactatis,
496 1777 596 1846 fidem
613 1778 771 1864 habeant,
794 1802 898 1872 eaque
915 1804 989 1871 quae
1008 1803 1071 1874 ego
1090 1779 1133 1848 de

133 1923 149 1957 ι
168 1891 369 1986 antiquitate
385 1892 501 1985 scripsi
519 1916 589 1960 non
609 1891 747 1961 credant
761 1907 795 1962 et
816 1893 1037 1962 recentiorem
1059 1918 1132 1962 esse

132 2037 148 2071 ι
168 2020 302 2102 gentem
328 2020 478 2073 nostram
506 2003 669 2100 colligant
692 2031 788 2076 exeo
812 2006 903 2099 qnod
930 2005 1023 2075 nulla
1048 2007 1133 2100 ejus·

133 2153 150 2187 «
170 2121 245 2190 dem
264 2120 394 2189 mentio
410 2119 513 2188 fuerit
525 2121 616 2214 apud
628 2120 775 2189 celebres
790 2120 1133 2191 Graecorumhistori·

133 2267 149 2300 (ι
173 2261 240 2324 cos,
256 2235 296 2302 de
306 2233 396 2302 hisce
404 2233 564 2303 omnibus
583 2235 698 2327 putavi
714 2234 860 2303 breviter
880 2233 1131 2305 scribendum.»

133 2350 212 2430 Επεὶ
228 2353 262 2427 δὲ
283 2361 410 2452 συχνοὺς
426 2364 487 2454 ὁρῶ
501 2368 569 2439 ταῖς
588 2361 647 2428 ὑπὸ
670 2352 847 2453 δυσμενείας
866 2360 926 2427 ὑπὸ
945 2371 1038 2428 τινῶν
1050 2361 1133 2456 εἰρη-

134 2481 236 2572 μέναις
247 2477 451 2570 προσέχοντας
470 2471 690 2569 βλασφημίαις,
705 2476 757 2544 καὶ
768 2483 833 2556 τοῖς
845 2474 913 2569 περὶ
929 2479 984 2551 την
1001 2476 1132 2569 ἀρχαιο-

137 2592 245 2688 λογίαν
268 2595 319 2658 ὑπ’
344 2594 418 2684 ἐμοῦ
438 2591 657 2686 γεγραμμένοις
680 2592 898 2678 ἀπιστοῦντας,
912 2591 1074 2685 τεκμήριόν
1098 2619 1132 2660 τε

140 2709 337 2801 ποιουμένους
354 2717 410 2773 τοῦ
425 2709 570 2797 νεώτερον
592 2699 665 2772 εἶναι
687 2707 819 2802 τὸγένος
837 2713 935 2797 ἡμῶν,
950 2698 1004 2773 διὰ
1016 2707 1054 2775 τὸ
1074 2733 1134 2800 μη-

141 2816 248 2916 δεμιᾶς
264 2816 350 2916 παρὰ
364 2828 428 2906 τοῖς
444 2822 600 2912 ἐπιρανέσι
617 2827 678 2888 τῶν
698 2806 872 2894 Ἑλληνικῶν
889 2819 1133 2915 ἱστοριογράφων

141 2943 261 3033 μνήμης
273 2930 429 3020 ἠξιῶσθαι,
439 2935 508 3029 περὶ
519 2937 636 3003 τούτων
657 2935 801 3003 ἁπάντων
814 2934 912 3011 etto
932 2929 994 3004 δεῖν
1014 2934 1133 3032 γράψαι

143 3043 327 3147 συντόμως(
351 3039 377 3144 ).

137 3178 146 3191 ⁴
173 3156 292 3244 Quod
306 3168 416 3224 autem
433 3154 597 3248 Josephns
617 3154 679 3223 hos
697 3155 731 3222 in
748 3154 910 3249 Apioncm
933 3150 1037 3222 libros
1053 3179 1133 3224 cum

138 3271 207 3363 jam
225 3283 312 3350 esset
332 3269 492 3364 grandior
509 3282 607 3338 aetate
625 3267 822 3355 exaraverit,
843 3281 944 3360 atque
965 3268 1066 3336 etiam
1093 3295 1133 3339 ex

142 3384 210 3452 suis
233 3397 332 3451 antea
358 3381 455 3451 editis
483 3380 772 3451 lucubrationibus
801 3381 895 3474 quasi
921 3386 1131 3475 expresserit,

56 3473 60 3482 .
141 3500 177 3568 in
197 3496 338 3566 dubium
352 3495 421 3589 jam
444 3499 534 3565 venit
552 3523 596 3565 an
616 3519 699 3564 nova
721 3494 792 3563 haec
808 3519 911 3589 opera
932 3497 1134 3567 auctoritate

141 3611 253 3706 aliqua
271 3608 431 3706 polleant.
450 3613 524 3679 Jam
549 3610 670 3705 saepius
693 3608 901 3704 disputatum
921 3623 971 3678 est
1001 3609 1044 3678 dc
1068 3609 1134 3678 fide

141 3727 278 3820 Josepbi
307 3726 341 3794 in
357 3724 550 3794 Judaeorum
569 3709 747 3794 anndlibus
769 3723 1018 3807 describendis3
1036 3723 1133 3794 illum

182 3990 192 4060 ζ
199 3983 225 4058 ι)
244 3981 345 4044 Flavii.
359 3983 478 4061 loseph.
491 3987 549 4064 Op.
560 3984 597 4043 ll·¹
613 4002 641 4060 p.
654 3985 720 4058 437.
735 3980 804 4040 edit.
822 3985 1014 4059 Havercamp.
