<?xml version="1.0" encoding="UTF-8"?>
<!DOCTYPE html PUBLIC "-//W3C//DTD XHTML 1.0 Transitional//EN"
    "http://www.w3.org/TR/xhtml1/DTD/xhtml1-transitional.dtd">
<html xmlns="http://www.w3.org/1999/xhtml" xml:lang="en" lang="en">
 <head>
  <title>
</title>
<meta http-equiv="Content-Type" content="text/html;charset=utf-8" />
  <meta name='ocr-system' content='tesseract 3.04.00' />
  <meta name='ocr-capabilities' content='ocr_page ocr_carea ocr_par ocr_line ocrx_word'/>
</head>
<body>
  <div class='ocr_page' id='page_1' title='image "./deflaviijosephi00cruigoog_0063.png"; bbox 0 0 2534 4522; ppageno 0'>
   <div class='ocr_carea' id='block_1_1' title="bbox 128 214 1159 3416">
    <p class='ocr_par' dir='ltr' id='par_1_1' title="bbox 607 214 736 299">
     <span class='ocr_line' id='line_1_1' title="bbox 607 214 736 299; baseline -0.023 -16"><span class='ocrx_word' id='word_1_1' title='bbox 607 214 650 299; x_wconf 71' lang='grc'><strong>54</strong></span> <span class='ocrx_word' id='word_1_2' title='bbox 731 271 736 280; x_wconf 91' lang='grc'><strong>.</strong></span> 
     </span>
    </p>

    <p class='ocr_par' dir='ltr' id='par_1_2' title="bbox 128 357 1126 1252">
     <span class='ocr_line' id='line_1_2' title="bbox 132 357 1123 458; baseline 0.01 -34"><span class='ocrx_word' id='word_1_3' title='bbox 132 357 219 426; x_wconf 86' lang='lat' dir='ltr'><strong>daeos</strong></span> <span class='ocrx_word' id='word_1_4' title='bbox 246 360 408 451; x_wconf 87' lang='lat' dir='ltr'><strong>quosdam</strong></span> <span class='ocrx_word' id='word_1_5' title='bbox 435 363 613 456; x_wconf 77' lang='lat' dir='ltr'><strong>scriptores</strong></span> <span class='ocrx_word' id='word_1_6' title='bbox 635 381 751 448; x_wconf 88' lang='lat' dir='ltr'><strong>ornet,</strong></span> <span class='ocrx_word' id='word_1_7' title='bbox 782 364 976 458; x_wconf 87' lang='lat' dir='ltr'><strong>parentibus</strong></span> <span class='ocrx_word' id='word_1_8' title='bbox 996 366 1123 434; x_wconf 82' lang='lat' dir='ltr'><strong>ludaeis</strong></span> 
     </span>
     <span class='ocr_line' id='line_1_3' title="bbox 128 477 1124 573; baseline 0.004 -30"><span class='ocrx_word' id='word_1_9' title='bbox 128 487 328 559; x_wconf 74' lang='lat' dir='ltr'><strong>serenatos,</strong></span> <span class='ocrx_word' id='word_1_10' title='bbox 351 500 436 568; x_wconf 91' lang='lat' dir='ltr'><strong>quos</strong></span> <span class='ocrx_word' id='word_1_11' title='bbox 456 478 591 572; x_wconf 77' lang='lat' dir='ltr'>insuper</span> <span class='ocrx_word' id='word_1_12' title='bbox 603 493 634 546; x_wconf 91' lang='lat' dir='ltr'><strong>et</strong></span> <span class='ocrx_word' id='word_1_13' title='bbox 656 477 783 572; x_wconf 88' lang='lat' dir='ltr'><strong>liquido</strong></span> <span class='ocrx_word' id='word_1_14' title='bbox 800 493 891 573; x_wconf 88' lang='lat' dir='ltr'><strong>patet</strong></span> <span class='ocrx_word' id='word_1_15' title='bbox 907 477 1124 572; x_wconf 87' lang='lat' dir='ltr'><strong>judaicarum</strong></span> 
     </span>
     <span class='ocr_line' id='line_1_4' title="bbox 132 579 1123 682; baseline 0.008 -33"><span class='ocrx_word' id='word_1_16' title='bbox 132 579 338 651; x_wconf 71' lang='lat' dir='ltr'>fallaciarum</span> <span class='ocrx_word' id='word_1_17' title='bbox 367 586 584 679; x_wconf 85' lang='lat' dir='ltr'><strong>peritissimos</strong></span> <span class='ocrx_word' id='word_1_18' title='bbox 610 589 785 659; x_wconf 83' lang='lat' dir='ltr'><strong>exstitisse.</strong></span> <span class='ocrx_word' id='word_1_19' title='bbox 817 591 948 656; x_wconf 91' lang='lat' dir='ltr'><strong>Horum</strong></span> <span class='ocrx_word' id='word_1_20' title='bbox 968 613 1043 682; x_wconf 85' lang='lat' dir='ltr'><strong>quae</strong></span> <span class='ocrx_word' id='word_1_21' title='bbox 1069 615 1123 657; x_wconf 90' lang='lat' dir='ltr'><strong>sn·</strong></span> 
     </span>
     <span class='ocr_line' id='line_1_5' title="bbox 132 700 1125 797; baseline 0.008 -32"><span class='ocrx_word' id='word_1_22' title='bbox 132 713 270 790; x_wconf 90' lang='lat' dir='ltr'><strong>persnnt</strong></span> <span class='ocrx_word' id='word_1_23' title='bbox 292 700 478 794; x_wconf 75' lang='lat' dir='ltr'><strong>fragmenta</strong></span> <span class='ocrx_word' id='word_1_24' title='bbox 503 727 543 771; x_wconf 84' lang='lat' dir='ltr'><strong>ex</strong></span> <span class='ocrx_word' id='word_1_25' title='bbox 564 703 680 773; x_wconf 84' lang='lat' dir='ltr'><strong>abdito</strong></span> <span class='ocrx_word' id='word_1_26' title='bbox 706 705 739 772; x_wconf 94' lang='lat' dir='ltr'><strong>in</strong></span> <span class='ocrx_word' id='word_1_27' title='bbox 764 701 872 773; x_wconf 88' lang='lat' dir='ltr'><strong>lucem</strong></span> <span class='ocrx_word' id='word_1_28' title='bbox 893 703 1125 797; x_wconf 74' lang='lat' dir='ltr'><strong>proferamus3</strong></span> 
     </span>
     <span class='ocr_line' id='line_1_6' title="bbox 131 811 1124 912; baseline 0.007 -33"><span class='ocrx_word' id='word_1_29' title='bbox 131 811 193 881; x_wconf 82' lang='lat' dir='ltr'><strong>lios</strong></span> <span class='ocrx_word' id='word_1_30' title='bbox 211 838 314 882; x_wconf 91' lang='lat' dir='ltr'><strong>novos</strong></span> <span class='ocrx_word' id='word_1_31' title='bbox 333 830 367 883; x_wconf 89' lang='lat' dir='ltr'><strong>et</strong></span> <span class='ocrx_word' id='word_1_32' title='bbox 388 841 492 910; x_wconf 86' lang='lat' dir='ltr'><strong>usqne</strong></span> <span class='ocrx_word' id='word_1_33' title='bbox 510 817 679 886; x_wconf 87' lang='lat' dir='ltr'><strong>inauditos</strong></span> <span class='ocrx_word' id='word_1_34' title='bbox 704 842 873 887; x_wconf 87' lang='lat' dir='ltr'><strong>sermones</strong></span> <span class='ocrx_word' id='word_1_35' title='bbox 896 843 934 887; x_wconf 83' lang='lat' dir='ltr'><strong>cx</strong></span> <span class='ocrx_word' id='word_1_36' title='bbox 956 815 1124 912; x_wconf 76' lang='lat' dir='ltr'><strong>praeclaris</strong></span> 
     </span>
     <span class='ocr_line' id='line_1_7' title="bbox 131 927 1123 1028; baseline 0.005 -33"><span class='ocrx_word' id='word_1_37' title='bbox 131 942 163 995; x_wconf 88' lang='lat' dir='ltr'><strong>et</strong></span> <span class='ocrx_word' id='word_1_38' title='bbox 187 927 299 996; x_wconf 90' lang='lat' dir='ltr'><strong>nitidis</strong></span> <span class='ocrx_word' id='word_1_39' title='bbox 319 930 452 1001; x_wconf 87' lang='lat' dir='ltr'><strong>Eusebii</strong></span> <span class='ocrx_word' id='word_1_40' title='bbox 471 931 623 1003; x_wconf 81' lang='lat' dir='ltr'><strong>fontibus</strong></span> <span class='ocrx_word' id='word_1_41' title='bbox 637 932 894 1028; x_wconf 78' lang='lat' dir='ltr'><strong>depromamus,</strong></span> <span class='ocrx_word' id='word_1_42' title='bbox 915 949 952 1002; x_wconf 92' lang='lat' dir='ltr'><strong>ut</strong></span> <span class='ocrx_word' id='word_1_43' title='bbox 967 933 1123 1027; x_wconf 88' lang='lat' dir='ltr'><strong>disquisi-</strong></span> 
     </span>
     <span class='ocr_line' id='line_1_8' title="bbox 133 1044 1126 1143; baseline 0.01 -34"><span class='ocrx_word' id='word_1_44' title='bbox 133 1044 180 1110; x_wconf 90' lang='lat' dir='ltr'><strong>tio</strong></span> <span class='ocrx_word' id='word_1_45' title='bbox 195 1044 265 1111; x_wconf 87' lang='lat' dir='ltr'><strong>lraec</strong></span> <span class='ocrx_word' id='word_1_46' title='bbox 282 1044 324 1112; x_wconf 91' lang='lat' dir='ltr'><strong>ad</strong></span> <span class='ocrx_word' id='word_1_47' title='bbox 346 1047 553 1140; x_wconf 90' lang='lat' dir='ltr'><strong>propositum</strong></span> <span class='ocrx_word' id='word_1_48' title='bbox 578 1062 712 1142; x_wconf 83' lang='lat' dir='ltr'><strong>vergat,</strong></span> <span class='ocrx_word' id='word_1_49' title='bbox 733 1047 767 1115; x_wconf 95' lang='lat' dir='ltr'><strong>id</strong></span> <span class='ocrx_word' id='word_1_50' title='bbox 786 1062 835 1118; x_wconf 89' lang='lat' dir='ltr'><strong>est</strong></span> <span class='ocrx_word' id='word_1_51' title='bbox 852 1048 895 1119; x_wconf 88' lang='lat' dir='ltr'><strong>ad</strong></span> <span class='ocrx_word' id='word_1_52' title='bbox 914 1049 1049 1143; x_wconf 85' lang='lat' dir='ltr'><strong>losephi</strong></span> <span class='ocrx_word' id='word_1_53' title='bbox 1065 1074 1126 1126; x_wconf 82' lang='lat' dir='ltr'><strong>nn·</strong></span> 
     </span>
     <span class='ocr_line' id='line_1_9' title="bbox 132 1158 594 1252; baseline 0.017 -29"><span class='ocrx_word' id='word_1_54' title='bbox 132 1158 321 1225; x_wconf 86' lang='lat' dir='ltr'><strong>ctoritatem</strong></span> <span class='ocrx_word' id='word_1_55' title='bbox 336 1159 594 1252; x_wconf 79' lang='lat' dir='ltr'><strong>dijudicandam.</strong></span> 
     </span>
    </p>

    <p class='ocr_par' dir='ltr' id='par_1_3' title="bbox 132 1272 1159 3416">
     <span class='ocr_line' id='line_1_10' title="bbox 180 1272 1129 1374; baseline 0.006 -36"><span class='ocrx_word' id='word_1_56' title='bbox 180 1275 206 1338; x_wconf 90' lang='lat' dir='ltr'><strong>l.</strong></span> <span class='ocrx_word' id='word_1_57' title='bbox 228 1275 301 1340; x_wconf 85' lang='lat' dir='ltr'><strong>lam</strong></span> <span class='ocrx_word' id='word_1_58' title='bbox 322 1272 505 1344; x_wconf 88' lang='lat' dir='ltr'><strong>doctissimi</strong></span> <span class='ocrx_word' id='word_1_59' title='bbox 520 1278 581 1344; x_wconf 92' lang='lat' dir='ltr'><strong>viri</strong></span> <span class='ocrx_word' id='word_1_60' title='bbox 603 1277 787 1371; x_wconf 87' lang='lat' dir='ltr'><strong>Josephum</strong></span> <span class='ocrx_word' id='word_1_61' title='bbox 797 1275 846 1347; x_wconf 86' lang='lat' dir='ltr'><strong>vel</strong></span> <span class='ocrx_word' id='word_1_62' title='bbox 862 1277 903 1348; x_wconf 89' lang='lat' dir='ltr'><strong>de</strong></span> <span class='ocrx_word' id='word_1_63' title='bbox 924 1277 1129 1374; x_wconf 74' lang='lat' dir='ltr'><strong>negligentia</strong></span> 
     </span>
     <span class='ocr_line' id='line_1_11' title="bbox 135 1384 1128 1486; baseline 0.007 -34"><span class='ocrx_word' id='word_1_64' title='bbox 135 1384 184 1453; x_wconf 89' lang='lat' dir='ltr'><strong>vel</strong></span> <span class='ocrx_word' id='word_1_65' title='bbox 203 1386 243 1454; x_wconf 90' lang='lat' dir='ltr'><strong>de</strong></span> <span class='ocrx_word' id='word_1_66' title='bbox 266 1388 441 1458; x_wconf 88' lang='lat' dir='ltr'><strong>mendacio</strong></span> <span class='ocrx_word' id='word_1_67' title='bbox 459 1389 732 1485; x_wconf 87' lang='lat' dir='ltr'><strong>postulaverunt,</strong></span> <span class='ocrx_word' id='word_1_68' title='bbox 760 1391 926 1486; x_wconf 88' lang='lat' dir='ltr'><strong>simulque</strong></span> <span class='ocrx_word' id='word_1_69' title='bbox 947 1391 1128 1461; x_wconf 88' lang='lat' dir='ltr'><strong>contende-</strong></span> 
     </span>
     <span class='ocr_line' id='line_1_12' title="bbox 132 1494 1124 1601; baseline 0.004 -33"><span class='ocrx_word' id='word_1_70' title='bbox 132 1517 211 1569; x_wconf 90' lang='lat' dir='ltr'><strong>runt</strong></span> <span class='ocrx_word' id='word_1_71' title='bbox 242 1501 430 1590; x_wconf 86' lang='lat' dir='ltr'><strong>indubitata</strong></span> <span class='ocrx_word' id='word_1_72' title='bbox 464 1505 530 1574; x_wconf 89' lang='lat' dir='ltr'><strong>fide</strong></span> <span class='ocrx_word' id='word_1_73' title='bbox 556 1507 769 1575; x_wconf 85' lang='lat' dir='ltr'><strong>Demetrium</strong></span> <span class='ocrx_word' id='word_1_74' title='bbox 804 1533 843 1574; x_wconf 86' lang='lat' dir='ltr'><strong>ex</strong></span> <span class='ocrx_word' id='word_1_75' title='bbox 876 1507 990 1576; x_wconf 85' lang='lat' dir='ltr'><strong>Jndaea</strong></span> <span class='ocrx_word' id='word_1_76' title='bbox 1024 1494 1124 1601; x_wconf 80' lang='lat' dir='ltr'><strong>gente</strong></span> 
     </span>
     <span class='ocr_line' id='line_1_13' title="bbox 134 1620 1129 1718; baseline 0.008 -34"><span class='ocrx_word' id='word_1_77' title='bbox 134 1620 307 1688; x_wconf 83' lang='lat' dir='ltr'><strong>exstitisse.</strong></span> <span class='ocrx_word' id='word_1_78' title='bbox 327 1623 458 1689; x_wconf 85' lang='lat' dir='ltr'><strong>Etenim</strong></span> <span class='ocrx_word' id='word_1_79' title='bbox 476 1623 519 1691; x_wconf 91' lang='lat' dir='ltr'><strong>G.</strong></span> <span class='ocrx_word' id='word_1_80' title='bbox 535 1625 564 1691; x_wconf 84' lang='lat' dir='ltr'><strong>l.</strong></span> <span class='ocrx_word' id='word_1_81' title='bbox 591 1623 730 1693; x_wconf 87' lang='lat' dir='ltr'><strong>Vossius</strong></span> <span class='ocrx_word' id='word_1_82' title='bbox 749 1624 815 1718; x_wconf 75' lang='lat' dir='ltr'><strong>(a),</strong></span> <span class='ocrx_word' id='word_1_83' title='bbox 839 1648 916 1691; x_wconf 92' lang='lat' dir='ltr'><strong>cnm</strong></span> <span class='ocrx_word' id='word_1_84' title='bbox 932 1623 1054 1692; x_wconf 87' lang='lat' dir='ltr'><strong>Vossio</strong></span> <span class='ocrx_word' id='word_1_85' title='bbox 1078 1623 1129 1692; x_wconf 66' lang='lat' dir='ltr'><strong>G:</strong></span> 
     </span>
     <span class='ocr_line' id='line_1_14' title="bbox 135 1729 1128 1833; baseline 0.004 -32"><span class='ocrx_word' id='word_1_86' title='bbox 135 1729 269 1803; x_wconf 86' lang='lat' dir='ltr'><strong>lonsius</strong></span> <span class='ocrx_word' id='word_1_87' title='bbox 292 1735 345 1829; x_wconf 74' lang='lat'><strong>(3)</strong></span> <span class='ocrx_word' id='word_1_88' title='bbox 370 1750 470 1832; x_wconf 90' lang='lat' dir='ltr'><strong>atque</strong></span> <span class='ocrx_word' id='word_1_89' title='bbox 498 1737 686 1807; x_wconf 89' lang='lat' dir='ltr'><strong>Richardus</strong></span> <span class='ocrx_word' id='word_1_90' title='bbox 711 1738 824 1806; x_wconf 91' lang='lat' dir='ltr'><strong>Simon</strong></span> <span class='ocrx_word' id='word_1_91' title='bbox 851 1737 905 1833; x_wconf 72' lang='grc'><strong>(4)</strong></span> <span class='ocrx_word' id='word_1_92' title='bbox 928 1738 962 1805; x_wconf 92' lang='lat' dir='ltr'><strong>in</strong></span> <span class='ocrx_word' id='word_1_93' title='bbox 989 1751 1052 1805; x_wconf 83' lang='lat' dir='ltr'><strong>vet.</strong></span> <span class='ocrx_word' id='word_1_94' title='bbox 1075 1752 1128 1805; x_wconf 84' lang='lat' dir='ltr'><strong>te·</strong></span> 
     </span>
     <span class='ocr_line' id='line_1_15' title="bbox 134 1838 1125 1940; baseline 0.001 -22"><span class='ocrx_word' id='word_1_95' title='bbox 134 1851 290 1918; x_wconf 88' lang='lat' dir='ltr'><strong>stamenti</strong></span> <span class='ocrx_word' id='word_1_96' title='bbox 322 1838 478 1940; x_wconf 81' lang='lat' dir='ltr'><strong>historia,</strong></span> <span class='ocrx_word' id='word_1_97' title='bbox 515 1879 579 1920; x_wconf 77' lang='lat' dir='ltr'><strong>tina</strong></span> <span class='ocrx_word' id='word_1_98' title='bbox 602 1877 682 1922; x_wconf 90' lang='lat' dir='ltr'><strong>voce</strong></span> <span class='ocrx_word' id='word_1_99' title='bbox 719 1867 922 1922; x_wconf 88' lang='lat' dir='ltr'><strong>censuerunt</strong></span> <span class='ocrx_word' id='word_1_100' title='bbox 941 1852 1034 1920; x_wconf 90' lang='lat' dir='ltr'><strong>hunc</strong></span> <span class='ocrx_word' id='word_1_101' title='bbox 1056 1855 1125 1921; x_wconf 91' lang='lat' dir='ltr'><strong>De-</strong></span> 
     </span>
     <span class='ocr_line' id='line_1_16' title="bbox 134 1959 1123 2062; baseline 0.001 -27"><span class='ocrx_word' id='word_1_102' title='bbox 134 1959 291 2035; x_wconf 88' lang='lat' dir='ltr'><strong>metrium</strong></span> <span class='ocrx_word' id='word_1_103' title='bbox 315 1967 726 2042; x_wconf 71' lang='lat' dir='ltr'><strong>Judaicornnnannalinm</strong></span> <span class='ocrx_word' id='word_1_104' title='bbox 749 1970 945 2062; x_wconf 82' lang='lat' dir='ltr'><strong>scriptorem</strong></span> <span class='ocrx_word' id='word_1_105' title='bbox 966 1994 985 2037; x_wconf 92' lang='lat' dir='ltr'><strong>a</strong></span> <span class='ocrx_word' id='word_1_106' title='bbox 1003 1967 1123 2036; x_wconf 88' lang='lat' dir='ltr'><strong>Phale-</strong></span> 
     </span>
     <span class='ocr_line' id='line_1_17' title="bbox 135 2071 1159 2165; baseline 0 -15"><span class='ocrx_word' id='word_1_107' title='bbox 135 2071 192 2151; x_wconf 75' lang='lat' dir='ltr'><strong>reo</strong></span> <span class='ocrx_word' id='word_1_108' title='bbox 215 2098 287 2150; x_wconf 90' lang='lat' dir='ltr'><strong>toto</strong></span> <span class='ocrx_word' id='word_1_109' title='bbox 307 2083 390 2151; x_wconf 89' lang='lat' dir='ltr'><strong>orbe</strong></span> <span class='ocrx_word' id='word_1_110' title='bbox 408 2082 542 2152; x_wconf 89' lang='lat' dir='ltr'><strong>distare.</strong></span> <span class='ocrx_word' id='word_1_111' title='bbox 575 2083 740 2153; x_wconf 88' lang='lat' dir='ltr'><strong>Enmdem</strong></span> <span class='ocrx_word' id='word_1_112' title='bbox 765 2082 917 2151; x_wconf 87' lang='lat' dir='ltr'><strong>lndaeum</strong></span> <span class='ocrx_word' id='word_1_113' title='bbox 941 2108 1012 2152; x_wconf 87' lang='lat' dir='ltr'><strong>esse</strong></span> <span class='ocrx_word' id='word_1_114' title='bbox 1033 2081 1126 2150; x_wconf 86' lang='lat' dir='ltr'><strong>affir-</strong></span> <span class='ocrx_word' id='word_1_115' title='bbox 1156 2158 1159 2165; x_wconf 27' lang='lat'>¹</span> 
     </span>
     <span class='ocr_line' id='line_1_18' title="bbox 134 2196 1128 2291; baseline 0 -27"><span class='ocrx_word' id='word_1_116' title='bbox 134 2197 248 2280; x_wconf 81' lang='lat' dir='ltr'><strong>mavit,</strong></span> <span class='ocrx_word' id='word_1_117' title='bbox 271 2211 305 2264; x_wconf 89' lang='lat' dir='ltr'><strong>et</strong></span> <span class='ocrx_word' id='word_1_118' title='bbox 324 2222 468 2290; x_wconf 83' lang='lat' dir='ltr'><strong>graecum</strong></span> <span class='ocrx_word' id='word_1_119' title='bbox 481 2223 607 2266; x_wconf 57' lang='lat' dir='ltr'><strong>&gt;nomen</strong></span> <span class='ocrx_word' id='word_1_120' title='bbox 625 2198 803 2266; x_wconf 91' lang='lat' dir='ltr'><strong>mentitum</strong></span> <span class='ocrx_word' id='word_1_121' title='bbox 820 2197 921 2265; x_wconf 86' lang='lat' dir='ltr'><strong>fuisse</strong></span> <span class='ocrx_word' id='word_1_122' title='bbox 937 2196 1128 2291; x_wconf 86' lang='lat' dir='ltr'><strong>suspicatus</strong></span> 
     </span>
     <span class='ocr_line' id='line_1_19' title="bbox 134 2308 1125 2381; baseline 0.002 -2"><span class='ocrx_word' id='word_1_123' title='bbox 134 2325 183 2380; x_wconf 89' lang='lat' dir='ltr'><strong>est</strong></span> <span class='ocrx_word' id='word_1_124' title='bbox 198 2308 435 2380; x_wconf 85' lang='lat' dir='ltr'><strong>Valckenarius</strong></span> <span class='ocrx_word' id='word_1_125' title='bbox 444 2312 476 2379; x_wconf 89' lang='lat' dir='ltr'><strong>in</strong></span> <span class='ocrx_word' id='word_1_126' title='bbox 492 2312 723 2381; x_wconf 88' lang='lat' dir='ltr'><strong>dissertatione</strong></span> <span class='ocrx_word' id='word_1_127' title='bbox 737 2311 778 2379; x_wconf 92' lang='lat' dir='ltr'><strong>de</strong></span> <span class='ocrx_word' id='word_1_128' title='bbox 791 2315 807 2380; x_wconf 86' lang='lat' dir='ltr'>J</span> <span class='ocrx_word' id='word_1_129' title='bbox 814 2312 907 2380; x_wconf 90' lang='lat' dir='ltr'><strong>ndaeo</strong></span> <span class='ocrx_word' id='word_1_130' title='bbox 919 2311 1125 2381; x_wconf 78' lang='lat' dir='ltr'><strong>Aristobulo,</strong></span> 
     </span>
     <span class='ocr_line' id='line_1_20' title="bbox 135 2424 1127 2521; baseline -0.002 -26"><span class='ocrx_word' id='word_1_131' title='bbox 135 2426 289 2519; x_wconf 91' lang='lat' dir='ltr'><strong>Denique</strong></span> <span class='ocrx_word' id='word_1_132' title='bbox 316 2427 386 2518; x_wconf 87' lang='lat' dir='ltr'><strong>ipse</strong></span> <span class='ocrx_word' id='word_1_133' title='bbox 406 2424 629 2518; x_wconf 85' lang='lat' dir='ltr'><strong>amplissimus</strong></span> <span class='ocrx_word' id='word_1_134' title='bbox 642 2427 787 2494; x_wconf 89' lang='lat' dir='ltr'><strong>Hnetius</strong></span> <span class='ocrx_word' id='word_1_135' title='bbox 804 2425 897 2517; x_wconf 88' lang='lat' dir='ltr'><strong>(rem</strong></span> <span class='ocrx_word' id='word_1_136' title='bbox 916 2450 1053 2521; x_wconf 90' lang='lat' dir='ltr'><strong>prorsus</strong></span> <span class='ocrx_word' id='word_1_137' title='bbox 1072 2427 1127 2493; x_wconf 79' lang='lat' dir='ltr'><strong>in·</strong></span> 
     </span>
     <span class='ocr_line' id='line_1_21' title="bbox 135 2537 1127 2635; baseline 0 -27"><span class='ocrx_word' id='word_1_138' title='bbox 135 2539 266 2608; x_wconf 87' lang='lat' dir='ltr'><strong>solitam</strong></span> <span class='ocrx_word' id='word_1_139' title='bbox 282 2555 315 2608; x_wconf 88' lang='lat' dir='ltr'><strong>et</strong></span> <span class='ocrx_word' id='word_1_140' title='bbox 334 2539 520 2608; x_wconf 89' lang='lat' dir='ltr'><strong>mirabilem</strong></span> <span class='ocrx_word' id='word_1_141' title='bbox 531 2537 562 2635; x_wconf 76' lang='lat' dir='ltr'><strong>l)</strong></span> <span class='ocrx_word' id='word_1_142' title='bbox 581 2567 621 2609; x_wconf 89' lang='lat' dir='ltr'><strong>eo</strong></span> <span class='ocrx_word' id='word_1_143' title='bbox 637 2541 728 2608; x_wconf 85' lang='lat' dir='ltr'><strong>venit</strong></span> <span class='ocrx_word' id='word_1_144' title='bbox 743 2555 782 2608; x_wconf 89' lang='lat' dir='ltr'><strong>ut</strong></span> <span class='ocrx_word' id='word_1_145' title='bbox 800 2540 983 2635; x_wconf 85' lang='lat' dir='ltr'><strong>Josephum</strong></span> <span class='ocrx_word' id='word_1_146' title='bbox 999 2539 1041 2608; x_wconf 91' lang='lat' dir='ltr'><strong>dc</strong></span> <span class='ocrx_word' id='word_1_147' title='bbox 1056 2543 1127 2608; x_wconf 91' lang='lat' dir='ltr'><strong>De·</strong></span> 
     </span>
     <span class='ocr_line' id='line_1_22' title="bbox 137 2652 1129 2749; baseline 0 -26"><span class='ocrx_word' id='word_1_148' title='bbox 137 2655 256 2723; x_wconf 89' lang='lat' dir='ltr'><strong>metrio</strong></span> <span class='ocrx_word' id='word_1_149' title='bbox 291 2657 451 2723; x_wconf 90' lang='lat' dir='ltr'><strong>erravisse</strong></span> <span class='ocrx_word' id='word_1_150' title='bbox 486 2657 667 2748; x_wconf 87' lang='lat' dir='ltr'><strong>conjiceret</strong></span> <span class='ocrx_word' id='word_1_151' title='bbox 684 2652 747 2746; x_wconf 83' lang='lat'><strong>(5)</strong></span> <span class='ocrx_word' id='word_1_152' title='bbox 789 2657 859 2745; x_wconf 88' lang='lat' dir='ltr'><strong>Qui</strong></span> <span class='ocrx_word' id='word_1_153' title='bbox 885 2654 923 2723; x_wconf 79' lang='lat' dir='ltr'><strong>fis</strong></span> <span class='ocrx_word' id='word_1_154' title='bbox 953 2656 1057 2749; x_wconf 81' lang='lat' dir='ltr'><strong>igitur</strong></span> <span class='ocrx_word' id='word_1_155' title='bbox 1090 2671 1129 2723; x_wconf 92' lang='lat' dir='ltr'><strong>ut</strong></span> 
     </span>
     <span class='ocr_line' id='line_1_23' title="bbox 132 2770 1132 2866; baseline 0 -26"><span class='ocrx_word' id='word_1_156' title='bbox 132 2796 203 2840; x_wconf 91' lang='lat' dir='ltr'><strong>una</strong></span> <span class='ocrx_word' id='word_1_157' title='bbox 237 2774 399 2841; x_wconf 88' lang='lat' dir='ltr'><strong>sententia</strong></span> <span class='ocrx_word' id='word_1_158' title='bbox 425 2772 608 2866; x_wconf 89' lang='lat' dir='ltr'><strong>Josephum</strong></span> <span class='ocrx_word' id='word_1_159' title='bbox 633 2774 805 2866; x_wconf 81' lang='lat' dir='ltr'><strong>arguerint</strong></span> <span class='ocrx_word' id='word_1_160' title='bbox 832 2770 1011 2842; x_wconf 84' lang='lat' dir='ltr'><strong>doctissimi</strong></span> <span class='ocrx_word' id='word_1_161' title='bbox 1041 2770 1132 2840; x_wconf 78' lang='lat' dir='ltr'><strong>viri?</strong></span> 
     </span>
     <span class='ocr_line' id='line_1_24' title="bbox 136 2883 1132 2980; baseline -0.001 -25"><span class='ocrx_word' id='word_1_162' title='bbox 136 2912 202 2980; x_wconf 89' lang='lat' dir='ltr'><strong>qua</strong></span> <span class='ocrx_word' id='word_1_163' title='bbox 240 2888 369 2956; x_wconf 88' lang='lat' dir='ltr'><strong>ratione</strong></span> <span class='ocrx_word' id='word_1_164' title='bbox 396 2884 562 2956; x_wconf 86' lang='lat' dir='ltr'><strong>valuerint</strong></span> <span class='ocrx_word' id='word_1_165' title='bbox 591 2889 800 2957; x_wconf 87' lang='lat' dir='ltr'><strong>Demetrium</strong></span> <span class='ocrx_word' id='word_1_166' title='bbox 822 2912 862 2954; x_wconf 82' lang='lat' dir='ltr'><strong>ex</strong></span> <span class='ocrx_word' id='word_1_167' title='bbox 887 2883 1000 2955; x_wconf 85' lang='lat' dir='ltr'><strong>Judaea</strong></span> <span class='ocrx_word' id='word_1_168' title='bbox 1029 2900 1132 2980; x_wconf 86' lang='lat' dir='ltr'><strong>gente.</strong></span> 
     </span>
     <span class='ocr_line' id='line_1_25' title="bbox 136 2983 1132 3096; baseline -0.003 -27"><span class='ocrx_word' id='word_1_169' title='bbox 136 3016 248 3069; x_wconf 87' lang='lat' dir='ltr'><strong>ortum</strong></span> <span class='ocrx_word' id='word_1_170' title='bbox 271 2999 496 3072; x_wconf 76' lang='lat' dir='ltr'><strong>confirmare?</strong></span> <span class='ocrx_word' id='word_1_171' title='bbox 520 3004 559 3069; x_wconf 88' lang='lat' dir='ltr'><strong>ln</strong></span> <span class='ocrx_word' id='word_1_172' title='bbox 577 3000 642 3070; x_wconf 91' lang='lat' dir='ltr'><strong>hoc</strong></span> <span class='ocrx_word' id='word_1_173' title='bbox 667 2983 837 3096; x_wconf 80' lang='lat' dir='ltr'><strong>praecipue</strong></span> <span class='ocrx_word' id='word_1_174' title='bbox 862 2999 1018 3068; x_wconf 89' lang='lat' dir='ltr'><strong>nituntur</strong></span> <span class='ocrx_word' id='word_1_175' title='bbox 1036 2998 1132 3091; x_wconf 91' lang='lat' dir='ltr'><strong>quod</strong></span> 
     </span>
     <span class='ocr_line' id='line_1_26' title="bbox 136 3114 1133 3197; baseline -0.003 -14"><span class='ocrx_word' id='word_1_176' title='bbox 136 3142 176 3183; x_wconf 82' lang='lat' dir='ltr'><strong>ex</strong></span> <span class='ocrx_word' id='word_1_177' title='bbox 189 3114 418 3197; x_wconf 77' lang='lat' dir='ltr'><strong>Ecclesiastico</strong></span> <span class='ocrx_word' id='word_1_178' title='bbox 434 3115 568 3185; x_wconf 91' lang='lat' dir='ltr'><strong>Eusebii</strong></span> <span class='ocrx_word' id='word_1_179' title='bbox 593 3118 729 3186; x_wconf 88' lang='lat' dir='ltr'><strong>historia</strong></span> <span class='ocrx_word' id='word_1_180' title='bbox 754 3129 885 3184; x_wconf 89' lang='lat' dir='ltr'><strong>constet</strong></span> <span class='ocrx_word' id='word_1_181' title='bbox 904 3136 969 3181; x_wconf 92' lang='lat' dir='ltr'><strong>non</strong></span> <span class='ocrx_word' id='word_1_182' title='bbox 989 3126 1133 3181; x_wconf 87' lang='lat' dir='ltr'><strong>tantum</strong></span> 
     </span>
     <span class='ocr_line' id='line_1_27' title="bbox 134 3226 1131 3325; baseline -0.004 -24"><span class='ocrx_word' id='word_1_183' title='bbox 134 3234 364 3319; x_wconf 82' lang='lat' dir='ltr'><strong>Demetrium,</strong></span> <span class='ocrx_word' id='word_1_184' title='bbox 391 3230 566 3302; x_wconf 90' lang='lat' dir='ltr'><strong>Philonem</strong></span> <span class='ocrx_word' id='word_1_185' title='bbox 589 3258 669 3302; x_wconf 90' lang='lat' dir='ltr'><strong>vero</strong></span> <span class='ocrx_word' id='word_1_186' title='bbox 695 3248 727 3301; x_wconf 89' lang='lat' dir='ltr'><strong>et</strong></span> <span class='ocrx_word' id='word_1_187' title='bbox 751 3228 976 3325; x_wconf 87' lang='lat' dir='ltr'><strong>Eupolemnm</strong></span> <span class='ocrx_word' id='word_1_188' title='bbox 995 3226 1131 3297; x_wconf 79' lang='lat' dir='ltr'><strong>ludaeos</strong></span> 
     </span>
     <span class='ocr_line' id='line_1_28' title="bbox 136 3339 1133 3416; baseline -0.005 -2"><span class='ocrx_word' id='word_1_189' title='bbox 136 3345 247 3415; x_wconf 87' lang='lat' dir='ltr'><strong>fuisse.</strong></span> <span class='ocrx_word' id='word_1_190' title='bbox 272 3347 327 3412; x_wconf 83' lang='lat' dir='ltr'><strong>Ait</strong></span> <span class='ocrx_word' id='word_1_191' title='bbox 346 3347 435 3414; x_wconf 92' lang='lat' dir='ltr'><strong>enim</strong></span> <span class='ocrx_word' id='word_1_192' title='bbox 457 3346 620 3416; x_wconf 88' lang='lat' dir='ltr'><strong>Eusebius</strong></span> <span class='ocrx_word' id='word_1_193' title='bbox 639 3343 845 3414; x_wconf 87' lang='lat' dir='ltr'><strong>Clementem</strong></span> <span class='ocrx_word' id='word_1_194' title='bbox 865 3339 1133 3413; x_wconf 85' lang='lat' dir='ltr'><strong>Alexandrinum</strong></span> 
     </span>
    </p>
   </div>
   <div class='ocr_carea' id='block_1_2' title="bbox 137 3449 1136 3566">
    <p class='ocr_par' dir='ltr' id='par_1_4' title="bbox 137 3449 1136 3566">
     <span class='ocr_line' id='line_1_29' title="bbox 137 3449 1136 3566; baseline -0.003 -34"><span class='ocrx_word' id='word_1_195' title='bbox 137 3464 324 3533; x_wconf 88' lang='lat' dir='ltr'><strong>meminisse</strong></span> <span class='ocrx_word' id='word_1_196' title='bbox 347 3489 355 3531; x_wconf 79' lang='grc' dir='ltr'><strong><em>ε</em></strong></span> <span class='ocrx_word' id='word_1_197' title='bbox 378 3467 512 3546; x_wconf 81' lang='grc' dir='ltr'>Φίλωνος</span> <span class='ocrx_word' id='word_1_198' title='bbox 531 3467 583 3535; x_wconf 87' lang='grc' dir='ltr'><strong>καὶ</strong></span> <span class='ocrx_word' id='word_1_199' title='bbox 599 3457 847 3566; x_wconf 55' lang='grc' dir='ltr'><strong>Ᾰριστοὸούλρυ,</strong></span> <span class='ocrx_word' id='word_1_200' title='bbox 867 3449 1007 3541; x_wconf 70' lang='grc' dir='ltr'><strong>Ῑωσῆπου</strong></span> <span class='ocrx_word' id='word_1_201' title='bbox 1029 3489 1065 3557; x_wconf 53' lang='lat' dir='ltr'><strong>ep,</strong></span> <span class='ocrx_word' id='word_1_202' title='bbox 1079 3463 1136 3531; x_wconf 88' lang='grc' dir='ltr'><strong>καὶ</strong></span> 
     </span>
    </p>
   </div>
   <div class='ocr_carea' id='block_1_3' title="bbox 148 3639 1150 3983">
    <p class='ocr_par' dir='ltr' id='par_1_5' title="bbox 148 3639 1150 3983">
     <span class='ocr_line' id='line_1_30' title="bbox 177 3639 897 3718; baseline -0.003 -20"><span class='ocrx_word' id='word_1_203' title='bbox 177 3641 219 3717; x_wconf 85' lang='grc' dir='ltr'><strong>(ι)</strong></span> <span class='ocrx_word' id='word_1_204' title='bbox 233 3645 317 3699; x_wconf 86' lang='lat' dir='ltr'><strong>Voss.</strong></span> <span class='ocrx_word' id='word_1_205' title='bbox 329 3641 366 3700; x_wconf 88' lang='lat' dir='ltr'><strong>de</strong></span> <span class='ocrx_word' id='word_1_206' title='bbox 376 3641 442 3700; x_wconf 88' lang='lat' dir='ltr'><strong>hist.</strong></span> <span class='ocrx_word' id='word_1_207' title='bbox 456 3660 482 3718; x_wconf 82' lang='lat' dir='ltr'><strong>g.</strong></span> <span class='ocrx_word' id='word_1_208' title='bbox 498 3661 529 3718; x_wconf 90' lang='lat' dir='ltr'><strong>p.</strong></span> <span class='ocrx_word' id='word_1_209' title='bbox 549 3642 616 3706; x_wconf 70' lang='lat'><strong>426.</strong></span> <span class='ocrx_word' id='word_1_210' title='bbox 628 3639 674 3698; x_wconf 88' lang='lat' dir='ltr'><strong>ed.</strong></span> <span class='ocrx_word' id='word_1_211' title='bbox 688 3643 897 3699; x_wconf 86' lang='lat' dir='ltr'><strong>Westermnnn.</strong></span> 
     </span>
     <span class='ocr_line' id='line_1_31' title="bbox 176 3736 801 3818; baseline 0 -26"><span class='ocrx_word' id='word_1_212' title='bbox 176 3736 217 3815; x_wconf 82' lang='lat'><strong>(2)</strong></span> <span class='ocrx_word' id='word_1_213' title='bbox 232 3742 312 3795; x_wconf 88' lang='lat' dir='ltr'><strong>Jons.</strong></span> <span class='ocrx_word' id='word_1_214' title='bbox 326 3737 399 3794; x_wconf 90' lang='lat' dir='ltr'><strong>Hist.</strong></span> <span class='ocrx_word' id='word_1_215' title='bbox 415 3737 488 3795; x_wconf 89' lang='lat' dir='ltr'><strong>Phil.</strong></span> <span class='ocrx_word' id='word_1_216' title='bbox 500 3741 550 3794; x_wconf 90' lang='lat'><strong>111.</strong></span> <span class='ocrx_word' id='word_1_217' title='bbox 565 3757 592 3793; x_wconf 89' lang='lat' dir='ltr'><strong>c.</strong></span> <span class='ocrx_word' id='word_1_218' title='bbox 607 3756 638 3792; x_wconf 84' lang='lat' dir='ltr'><strong>x.</strong></span> <span class='ocrx_word' id='word_1_219' title='bbox 798 3814 801 3818; x_wconf 21' lang='lat'>¹</span> 
     </span>
     <span class='ocr_line' id='line_1_32' title="bbox 148 3833 1150 3910; baseline -0.001 -19"><span class='ocrx_word' id='word_1_220' title='bbox 148 3848 151 3854; x_wconf 86' lang='grc'><em>·</em></span> <span class='ocrx_word' id='word_1_221' title='bbox 178 3834 219 3910; x_wconf 72' lang='grc'><strong>(3)</strong></span> <span class='ocrx_word' id='word_1_222' title='bbox 241 3833 371 3892; x_wconf 86' lang='lat' dir='ltr'><strong>Richard</strong></span> <span class='ocrx_word' id='word_1_223' title='bbox 387 3836 498 3893; x_wconf 86' lang='lat' dir='ltr'><strong>Simon.</strong></span> <span class='ocrx_word' id='word_1_224' title='bbox 512 3835 587 3892; x_wconf 90' lang='lat' dir='ltr'><strong>Hist.</strong></span> <span class='ocrx_word' id='word_1_225' title='bbox 603 3834 668 3893; x_wconf 88' lang='lat' dir='ltr'><strong>crit.</strong></span> <span class='ocrx_word' id='word_1_226' title='bbox 686 3833 725 3891; x_wconf 86' lang='lat' dir='ltr'><strong>dn</strong></span> <span class='ocrx_word' id='word_1_227' title='bbox 739 3838 774 3891; x_wconf 88' lang='lat' dir='ltr'><strong>V.</strong></span> <span class='ocrx_word' id='word_1_228' title='bbox 789 3839 870 3894; x_wconf 67' lang='lat' dir='ltr'><strong>Test..</strong></span> <span class='ocrx_word' id='word_1_229' title='bbox 888 3836 925 3892; x_wconf 87' lang='lat' dir='ltr'><strong>tt.</strong></span> <span class='ocrx_word' id='word_1_230' title='bbox 948 3853 972 3890; x_wconf 87' lang='lat' dir='ltr'><strong>c.</strong></span> <span class='ocrx_word' id='word_1_231' title='bbox 991 3853 1036 3891; x_wconf 82' lang='lat' dir='ltr'><strong>st.</strong></span> <span class='ocrx_word' id='word_1_232' title='bbox 1147 3853 1150 3858; x_wconf 87' lang='lat'><em>·</em></span> 
     </span>
     <span class='ocr_line' id='line_1_33' title="bbox 209 3929 216 3983; baseline 0 0"><span class='ocrx_word' id='word_1_233' title='bbox 209 3929 216 3983; x_wconf 87' lang='lat' dir='ltr'><strong>l</strong></span> 
     </span>
    </p>
   </div>
   <div class='ocr_carea' id='block_1_4' title="bbox 180 3929 801 4008">
    <p class='ocr_par' dir='ltr' id='par_1_6' title="bbox 180 3929 801 4008">
     <span class='ocr_line' id='line_1_34' title="bbox 180 3929 801 4008; baseline -0.006 -19"><span class='ocrx_word' id='word_1_234' title='bbox 180 3929 214 4007; x_wconf 46' lang='lat' dir='ltr'><strong>ll.)</strong></span> <span class='ocrx_word' id='word_1_235' title='bbox 239 3935 390 3990; x_wconf 87' lang='lat' dir='ltr'><strong>Demonst.</strong></span> <span class='ocrx_word' id='word_1_236' title='bbox 403 3936 494 3989; x_wconf 84' lang='lat' dir='ltr'><strong>Evan.</strong></span> <span class='ocrx_word' id='word_1_237' title='bbox 509 3935 595 4008; x_wconf 90' lang='lat' dir='ltr'><strong>Prop.</strong></span> <span class='ocrx_word' id='word_1_238' title='bbox 610 3935 657 3989; x_wconf 80' lang='lat' dir='ltr'><strong>tv.</strong></span> <span class='ocrx_word' id='word_1_239' title='bbox 673 3951 697 3989; x_wconf 90' lang='lat' dir='ltr'><strong>c.</strong></span> <span class='ocrx_word' id='word_1_240' title='bbox 713 3950 740 3989; x_wconf 80' lang='lat' dir='ltr'><strong>n.</strong></span> <span class='ocrx_word' id='word_1_241' title='bbox 755 3949 801 3986; x_wconf 74' lang='lat' dir='ltr'><strong>aa.</strong></span> 
     </span>
    </p>
   </div>
   <div class='ocr_carea' id='block_1_5' title="bbox 0 0 1278 4522">
    <p class='ocr_par' dir='ltr' id='par_1_7' title="bbox 0 0 1278 4522">
     <span class='ocr_line' id='line_1_35' title="bbox 0 0 1278 4522; baseline 0 0"><span class='ocrx_word' id='word_1_242' title='bbox 0 0 1278 4522; x_wconf 95' lang='lat' dir='ltr'><strong> </strong></span> 
     </span>
    </p>
   </div>
  </div>
 </body>
</html>
