2534 4522
604 190 649 285 59

132 339 241 409 veris?
253 339 316 410 llle
327 341 497 435 ingeniose
511 340 663 436 etlepide
676 340 892 436 explicatque
908 340 1054 434 benigna
1070 342 1128 409 ur-

132 452 1129 551 benitateSalomouisetSuronisprolixioreslitteraescriptae

132 567 266 641 fuerint.
289 566 351 639 Ille
371 572 540 664 operarios
558 597 577 640 a
594 574 728 643 Suroua
740 571 784 641 ad
798 570 888 665 ligna
906 567 1129 640 exscindenda

93 773 95 776 .
133 685 249 755 missos
260 699 414 755 accurate
423 700 456 754 et
471 685 572 782 longo
583 687 702 758 ordine
712 702 878 774 recenset3
895 683 1128 778 illequauturn

112 851 118 861 ,.
134 799 293 868 Euochus
320 814 352 867 et
377 799 589 871 Abrahamus
611 801 852 871 astronomiam
872 799 1051 870 calluerint
1074 799 1129 868 fu·

133 908 202 983 sius
217 927 487 1000 commentatur,
506 913 562 987 ille
578 915 647 986 fere
661 915 887 1010 jurejurando
901 906 1048 984 affirmat
1060 917 1130 984 Mo·

134 1053 205 1115 sem
227 1030 375 1124 primum
394 1032 518 1103 Judaeis
538 1031 665 1103 litteras
680 1032 879 1118 tradidisse,
899 1036 917 1103 J
921 1017 1033 1102 udaeos
1050 1057 1130 1101 vero
1191 1058 1208 1091 ο

134 1144 367 1229 Phoenicibus,
388 1146 562 1217 Phoenices
577 1150 716 1219 Graecis.
738 1147 895 1240 Denique
912 1146 999 1215 idem
1022 1146 1128 1239 subji-

135 1258 181 1328 cit
208 1261 354 1352 primum
385 1262 536 1332 omnium
567 1263 744 1332 hominum
774 1265 904 1330 Mosem
924 1260 1077 1330 doctrina
1093 1276 1129 1330 et

136 1373 298 1466 sapientia
309 1373 478 1468 polluisse,
495 1402 571 1446 cum
589 1393 700 1447 tamen
716 1391 812 1444 antea
827 1375 962 1444 dixisset
979 1374 1129 1443 Abraha-

132 1513 226 1569 mum
242 1491 925 1586 caeterishominibusdoctriuapraestitisse
938 1504 973 1558 et
991 1490 1127 1584 quidem

132 1627 273 1673 summa.
324 1620 327 1627 “
912 1607 914 1612 ’
1041 1586 1043 1590 ⁴

180 1720 266 1807 Quae
295 1718 337 1788 de
363 1721 547 1790 Abrahami
574 1721 694 1793 studiis
723 1736 756 1789 et
786 1746 864 1816 erga
889 1720 1066 1805 Phoenices
1090 1734 1128 1787 *et

132 1833 306 1927 AEgyptios
324 1826 495 1903 beneficiis
516 1834 632 1904 scribit
656 1833 874 1930 Eupolemus,
894 1859 1028 1904 omnem
1050 1859 1129 1903 sane

131 1945 232 2017 fidem
258 1964 427 2042 superant.
451 1951 574 2020 Narrat
603 1949 692 2018 enim
720 1950 950 2020 Abrahamum
982 1951 1015 2020 iu
1044 1949 1127 2018 urbe

131 2064 319 2130 Caramana
349 2060 399 2130 vel
423 2062 653 2157 Chaldaeopoli
678 2078 815 2149 natum,
851 2088 973 2158 magno
1000 2064 1128 2156 ingenii
1183 2133 1185 2137 ,

130 2175 285 2245 acumine
303 2175 501 2269 praeditum,
526 2178 741 2249 astronomiae
762 2202 884 2247 arcana
908 2177 1079 2270 aperuisse
1095 2191 1128 2245 et

132 2287 327 2380 prodidisse.
352 2287 457 2360 Paulo
486 2305 563 2384 post
592 2290 655 2359 deo
680 2291 842 2384 jubente,
876 2290 919 2360 ad
944 2290 1129 2377 Phoenices,

131 2400 276 2472 docendi
297 2401 411 2472 studio
433 2427 609 2490 accensus,
629 2402 772 2497 pedihus
788 2404 870 2488 ivit3
891 2402 988 2473 obvia
1007 2407 1127 2474 Arme-

133 2515 265 2586 niorum
285 2517 419 2611 agmina
440 2541 564 2612 magno
581 2516 669 2587 ludit
688 2520 888 2606 certamiue;
910 2518 1127 2588 Phoenicibus

130 2628 304 2701 stellarum
326 2655 444 2701 cursus
457 2633 539 2702 scite
557 2633 732 2726 explicuit.
763 2635 815 2705 Au
835 2646 949 2702 auteur
977 2632 1127 2702 scholam

131 2743 290 2816 habuerit
313 2748 425 2842 etqui
448 2747 573 2827 fuerint
602 2746 757 2844 discipuli
786 2748 927 2818 omnino
958 2749 1123 2844 ignotum.

131 2861 247 2950 Quum
265 2860 439 2930 Phoenices
460 2860 544 2929 belle
559 2862 696 2934 edoctos
712 2863 870 2944 senserit,
891 2862 926 2929 in
944 2865 1125 2957 AEgyptum

133 2974 302 3068 proiectus
320 2990 372 3047 est
389 2989 427 3043 ut
445 2974 701 3069 Heliopolitaois
723 2977 951 3046 sacerdotibus
974 2992 1129 3047 astrono-

132 3087 206 3157 miae
229 3086 438 3181 disciplinam
456 3103 657 3194 caeterasque
673 3090 840 3160 doctrinas
859 3090 1015 3161 traderet.

211 3235 297 3296 Unde
308 3236 369 3296 baec
381 3249 522 3310 monstra,
536 3238 581 3296 vel
594 3257 654 3315 quo
665 3237 703 3299 de
714 3237 796 3300 fonte
805 3239 933 3317 requiris
947 3238 1009 3319 (1)t

129 3366 325 3438 haecomnia
338 3370 565 3463 Eupolemus,
587 3396 686 3463 quem
706 3372 814 3442 bonus
836 3371 952 3441 laudat
967 3373 1126 3457 Huetius,

133 3485 166 3549 in
184 3483 299 3552 divino
317 3486 427 3579 capite
447 3487 603 3581 concepit
627 3512 708 3575 su03
729 3487 818 3556 hanc
837 3484 975 3556 alteram
995 3487 1123 3554 Minor&

133 3621 230 3685 ram,
259 3597 352 3668 nullo
383 3614 493 3669 tamen
514 3602 677 3695 juvante,
705 3605 846 3699 peperit.
878 3605 968 3687 lmo,
997 3602 1125 3670 invenit

133 3706 261 3803 lepidus
280 3713 343 3781 iste
365 3712 533 3784 fabulator
547 3715 785 3813 horninornqui
803 3716 1030 3814 commentitia
1048 3716 1118 3787 haec

170 3926 211 4002 (ι)
232 3931 340 3986 Juveu.
355 3934 414 3988 Sat.
432 3935 479 3989 VI.
496 3930 562 3988 285.
