2534 4522
644 222 691 294 23

239 371 304 440 Hie
337 387 448 440 auteur
493 399 603 467 operae
645 373 790 467 pretium
822 383 872 436 est
910 367 1076 452 nonnulla
1123 399 1164 443 ex

171 479 236 552 hoc
269 482 354 583 libro
386 484 517 555 adferre
548 489 646 582 quasi
681 484 747 553 litis
779 481 1163 576 inst1·umeuta‚quibus

172 599 303 692 liquido
333 620 492 697 appareat
511 619 632 673 utrum
654 604 697 671 sit
714 626 801 696 opus
823 600 891 694 περὶ
913 588 1059 686 leuduino
1081 605 1164 672 Cor·

172 713 262 807 nelio
292 716 486 786 Alexandro
515 743 557 787 au
585 717 700 787 Judaeo
726 714 860 785 cuidam
890 708 1163 791 adscribendum.

171 831 219 897 Ao
241 820 391 924 primum
422 832 558 900 interest
577 831 687 901 locum
706 828 886 924 quemdam
901 828 942 898 de
960 829 1180 915 Abraha1n0‚.

168 969 271 1036 quern
289 945 428 1038 quidem
446 947 613 1015 Eusebius
632 971 666 1015 se
685 946 806 1015 vidisse
827 945 862 1013 in
882 943 969 1013 libro
1003 950 1072 1039 περὶ
1098 934 1164 1016 lou-

168 1052 264 1129 δαίων
282 1059 442 1148 affirmat,
456 1061 722 1156 proponerelt):

219 1203 236 1239 ιι
258 1179 337 1244 Haec
353 1175 557 1270 Polybistor,
571 1177 640 1269 qui,
656 1173 832 1245 nonnullis
845 1173 1037 1267 interjectis,
1051 1200 1166 1244 rursus

169 1319 185 1352 a
206 1291 251 1359 ita
275 1291 413 1361 subdit:
435 1293 634 1388 paulopost
649 1294 780 1387 jussum
800 1293 911 1363 aDeo
932 1291 1164 1361 Abrahamutu

168 1435 187 1468 ιι
206 1405 307 1475 fuisse
334 1407 394 1492 ait,
415 1423 452 1476 ut
475 1412 624 1477 lsaaeurn
647 1407 756 1476 filiurn
780 1406 843 1499 ipsi
872 1407 906 1472 in
928 1404 1162 1476 holocaustum

168 1548 187 1583 ιι
210 1519 411 1608 immolaret,
430 1546 577 1616 eumque
594 1523 758 1603 contiuuo
773 1518 984 1599 adolescente
1000 1545 1111 1588 secum
1129 1524 1163 1589 in

168 1663 186 1697 a
204 1650 350 1703 montem
379 1635 513 1723 educto,
546 1635 758 1705 succendisse
782 1659 917 1728 pyram,
938 1633 1037 1727 eique
1066 1634 1164 1703 simul

96 1840 100 1847 .
170 1776 188 1810 «
206 1752 355 1819 Isaacuui
377 1751 586 1845 imposuisse.
614 1753 741 1819 Verum
770 1751 846 1842 ipsi,
863 1774 940 1818 cum
962 1748 1100 1842 jamjam
1129 1749 1167 1817 fi-

161 1895 187 1948 l«
206 1864 287 1934 lium
302 1865 523 1959 jugulaturus
537 1865 699 1952 esset,ab
714 1863 834 1958 angelo
848 1863 977 1932 facinus
994 1864 1167 1934 inhibente

169 1978 343 2046 «arietem
358 1977 400 2046 ad
420 1978 620 2047 sacrificium
634 1977 787 2047 oblatum
801 2002 883 2063 esse,
898 2002 997 2071 quern
1018 1977 1072 2046 ille
1090 1979 1168 2048 sub·

170 2120 188 2155 «
207 2090 310 2160 ducto
329 2116 418 2185 pyrae
441 2092 513 2161 filio
534 2092 706 2162 mactavit.
721 2100 899 2163 »Τοσαῦτα
921 2101 937 2162 ὁ
966 2093 1164 2189 Πολυΐστωρ·

159 2206 213 2289 Ιοἷς
230 2209 296 2301 μεθ’
318 2211 406 2304 ἕτερα
429 2214 560 2304 ἐπιφέρει
585 2213 703 2305 λέγειν·
726 2213 791 2303 μετ’
815 2215 848 2278 οὐ
877 2212 972 2279 πολὺν
1001 2201 1035 2278 δὲ
1060 2214 1166 2306 χρόνον

169 2325 221 2391 τὸν
241 2324 318 2390 Θεὸν
337 2332 383 2411 τῷ
402 2313 538 2419 alipedis
557 2319 741 2420 προστάξαι,
758 2314 854 2394 Ῐσαὰκ
876 2327 928 2392 τὸν
952 2326 1013 2392 υἱὸν
1038 2332 1168 2415 <ilonau-

169 2448 272 2504 τῶσαι
294 2443 389 2526 αὐτῷ.
409 2441 470 2506 Τὸν
491 2431 527 2507 δὲ
542 2439 739 2533 ἀναγαγόντα
757 2441 811 2506 τὸν
833 2432 933 2508 παῖδα
951 2441 1002 2508 ἐπὶ
1025 2443 1064 2509 τὸ
1085 2443 1165 2537 ὅρος,

170 2551 266 2645 πυρὰν
282 2563 383 2638 νῆσαι,
400 2553 451 2621 καὶ
465 2554 609 2622 ἐπιθεῖναι
629 2557 681 2622 τὸν
704 2540 810 2637 Ῑσασίκ.
835 2549 962 2645 Σιρσὶξειν
983 2547 1018 2621 δὲ
1037 2560 1166 2646 μελλον-

169 2692 226 2750 τα,
244 2670 414 2744 κωλυθῆναι
431 2671 490 2737 ὑπὸ
506 2660 667 2764 burabae,
694 2672 776 2764 κριὸν
803 2675 888 2759 αὐτῷ
914 2669 988 2764 πρὸς
1015 2675 1069 2746 τὴν
1096 2674 1167 2766 καίρ-

168 2809 265 2850 πωσιν
288 2788 546 2878 παραστήσαντσς
563 2811 570 2824 ·
590 2783 640 2852 τόν
667 2777 701 2854 δὲ
724 2775 876 2878 Ᾰὸρασὶμ,
904 2788 957 2853 τὸν
988 2787 1041 2879 μὲν
1066 2779 1166 2855 παῖδα

168 2898 301 2967 καθελεῖν
320 2900 381 2968 ἀπὸ
400 2910 455 2979 τῆς
478 2906 592 2995 πυραῖς,
612 2902 665 2969 τὸν
687 2893 721 2968 δὲ
740 2903 820 2994 κριὸν
838 2911 1011 2995 καρπῶσαι.
1039 2897 1168 2970 Credat
1190 2959 1195 2969 .

166 3009 312 3080 Iudaeus
342 3011 475 3106 Apella
506 3014 613 3083 baeca
638 3013 754 3083 Judaeo
785 3013 932 3108 quadarn
962 3039 1030 3081 non
1056 3013 1164 3096 ¹fuisse

168 3125 333 3214 conficta3
365 3128 440 3220 quis
470 3129 560 3197 enirn
599 3144 667 3198 tatu
696 3129 852 3225 religiose
879 3144 911 3197 et
939 3145 1094 3198 accurate
1123 3131 1165 3200 de

168 3240 358 3310 Abraharno
372 3243 507 3332 dixerit,
520 3239 594 3312 ‘nisi
621 3247 769 3313 Mosaiea
797 3243 868 3338 lege
885 3246 1047 3328 inibutus,
1073 3247 1164 3315 unde

168 3353 316 3424 hauserit
339 3362 392 3445 τὸν
420 3362 497 3430 Θεὸν
522 3369 567 3448 τῷ
593 3351 728 3454 bipede,
760 3357 950 3456 προστάξαιΡ
979 3361 1064 3448 Quis
1101 3361 1163 3429 nisi

165 3470 300 3539 Judaeus
332 3472 384 3540 bis
411 3474 518 3542 verbis
547 3473 713 3542 addiderit
739 3474 967 3543 Abrahamuut
993 3477 1163 3551 κωλυθῆναι

166 3588 228 3654 ὑπὸ
247 3599 302 3655 τοῦ
323 3580 473 3684 drusion·
1119 3595 1123 3603 ’

217 3693 347 3762 Rursus
370 3693 559 3786 Alexander
577 3696 766 3792 Polybistor
785 3696 1010 3791 Eupolemurn
1028 3710 1162 3765 secutus

206 3984 249 4064 (1)
270 3991 337 4047 Ens.
351 3990 444 4067 Praep.
456 3987 505 4048 lib.
523 3993 574 4049 nt.
590 4009 615 4048 o.
627 4009 690 4051 arx.
