2534 4522
619 216 664 286 62

149 351 1144 460 ClemensAlexandrinus(1>3eurntlemqueEusebius,dnm

107 560 110 566 Α
147 481 329 552 Alexandri
359 478 580 574 Polyhistoris
610 479 755 578 uestigiis
784 482 922 569 insistit,
950 483 985 549 in
1017 480 1168 559 eonllr-'

149 595 274 673 manda,
299 594 491 664 Judaeorum
521 594 721 690 antiquitate
758 608 877 665 testem
912 594 1060 667 adhibet.
1100 601 1145 670 At

147 736 340 808 quanquam
357 712 498 780 obscura
518 711 586 780 sint
605 711 675 781 fere
690 712 801 781 omnia
817 735 893 807 quae
908 712 951 780 ad
972 713 1067 782 huno
1081 737 1144 783 au·

146 843 273 898 ctorem
289 827 479 921 pertineant
503 827 641 895 minime
660 826 695 894 in
715 827 819 895 dubio
834 840 883 895 est
904 826 987 921 quin
1005 827 1145 897 Judaeus

146 944 260 1013 fuerit.
279 943 484 1036 Quicunque
503 943 593 1010 euim
613 967 651 1011 eu
671 944 819 1012 exaravit
836 966 912 1036 quae
929 943 1144 1016 subnomine

145 1058 297 1129 Philonis
324 1054 517 1127 Alexander
541 1056 732 1152 Polyhistor
756 1072 859 1152 atque
881 1058 1047 1128 Eusebius
1073 1059 1164 1128 vul-⁴

146 1185 324 1267 gaverunt,
340 1170 395 1242 ille
412 1170 656 1259 Abrahamum,
673 1176 824 1242 Isaacurn
843 1187 878 1242 et
890 1174 1053 1243 Jacoburn
1068 1171 1142 1242 lau-

145 1286 244 1356 dibus
266 1286 311 1354 ita
328 1283 488 1354 extollere
505 1301 645 1354 conatus
661 1300 723 1374 cst,
742 1299 779 1354 ut
797 1285 989 1355 inde-facile
1002 1285 1143 1382 colligas

144 1400 236 1469 hune
252 1410 438 1485 auctorem,
452 1423 492 1467 ex
507 1398 622 1498 Iudaea
637 1415 737 1501 gente
750 1415 861 1469 ortum
876 1400 980 1470 fuisse
991 1428 1001 1470 τ
1014 1400 1142 1496 quippe

144 1513 247 1609 paulo
265 1513 445 1608 jactantius
471 1528 585 1583 narrat
604 1515 831 1583 Abrahamum
854 1502 965 1609 stirpe>
984 1530 1058 1584 sua*
1072 1514 1140 1586 cla-

77 1611 80 1620 ,
144 1656 233 1716 rum,
250 1628 433 1723 legumque
448 1628 586 1697 scientia
607 1629 773 1698 imbutum
792 1655 832 1698 eo
847 1630 1040 1724 praestitisse
1050 1632 1140 1724 quod

143 1742 324 1813 admodum
345 1740 543 1837 eloquenter
564 1742 605 1812 de
629 1740 792 1837 religione
812 1742 1005 1831 dissereret3
1032 1735 1142 1814 additss

143 1884 210 1953 que
224 1859 317 1927 hune
332 1859 487 1927 eumdem
506 1859 616 1931 virum
633 1883 797 1928 summam
816 1854 950 1928 laudem
971 1883 1045 1928 esse
1063 1884 1142 1928 oon·

142 1986 293 2042 secutum
317 1997 405 2060 cum,
424 1975 565 2066 jubente
579 1972 655 2058 de0,
677 1988 795 2042 natum
813 1974 950 2042 unicum
970 1973 1138 2042 mactandi

141 2085 320 2159 eonsilium
339 2088 480 2157 iniverit.
502 2088 589 2177 Quis
605 2087 677 2155 haec
694 2085 1000 2155 verbaGraeeorum
1016 2084 1070 2154 vel
1090 2110 1138 2154 re·

142 2199 260 2297 ligioni
269 2199 319 2268 vel
335 2201 500 2270 scribendi
513 2201 635 2271 rationi
647 2199 879 2268 convenientia
892 2198 1006 2269 dicat2
1018 2204 1138 2273 Noster

140 2317 285 2384 Huetius
305 2315 376 2409 ipse
394 2316 485 2386 hunc
501 2313 676 2385 Philonem
697 2315 731 2381 in
746 2312 937 2383 ludaeorum
957 2336 1134 2385 numerum

139 2428 318 2517 adscribit,
334 2446 512 2524 censetque
529 2427 634 2499 multa
657 2454 734 2497 eum
755 2453 796 2496 ex
810 2431 916 2498 Mosis
929 2426 1023 2499 libris
1035 2429 1138 2504 eolle·
1169 2457 1172 2461 ’

138 2544 244 2639 gisse,
265 2557 367 2637 atque
390 2546 422 2612 in
443 2571 521 2614 suos
536 2541 764 2626 transtulisse3
786 2542 929 2636 denique
943 2544 1135 2637 conjectura

137 2658 266 2752 judicat
285 2683 362 2727 eum
380 2673 552 2728 auctorem
569 2657 651 2728 ttbrt
665 2660 859 2753 Sopr'entiae
877 2659 934 2752 qui
947 2657 1135 2728 Salomonis
1212 2694 1214 2700 =

137 2799 259 2842 nomen
287 2773 448 2867 praefert:
468 2773 555 2841 haue
580 2785 692 2842 autem
720 2772 920 2840 sententiam
953 2771 1133 2842 nonnullos

136 2886 338 2978 scriptorum
360 2897 511 2952 veterum
531 2884 665 2952 inivisse
685 2880 831 2949 affirmat
846 2884 884 2950 Β.
901 2883 1132 2976 Hieronymus.

137 3028 153 3062 a
173 2981 438 3068 Secundusliber
451 2999 663 3093 (Sapientiae,
684 2998 731 3066 ait
743 3002 779 3067 B.
796 3000 1032 3091 Hieronymus,
1045 2996 1134 3092 apud

97 3122 103 3167 ·.
133 3115 327 3182 «Hebraeos
348 3137 512 3206 nusquam
531 3128 600 3196 est,
624 3113 701 3205 quia
721 3113 844 3205 etipse
863 3111 968 3205 stylus
993 3115 1142 3206 graecam'

132 3225 390 3325 «eloquentiam
409 3226 536 3296 redolet
546 3241 580 3294 et
597 3224 753 3294 nonnulli
768 3227 968 3318 scriptorum
984 3240 1132 3295 veterum

130 3371 150 3406 κ
164 3343 258 3411 hune
275 3366 346 3410 esse
360 3343 467 3416 Judaei
492 3341 643 3411 Philonis
667 3340 837 3409 affirmant
856 3338 919 3434 (a).
939 3371 955 3405 n
985 3345 1036 3410 Ex
1064 3344 1133 3410 istis

133 3457 294 3527 omnibus
305 3459 512 3551 argumentis
529 3456 681 3551 profecto
699 3454 815 3548 liquet,
831 3469 869 3523 ut
883 3456 1042 3542 arbitror,
1056 3456 1134 3529 Pbi·

49 3576 65 3620 '·
134 3572 247 3642 lonem
274 3571 454 3641 oriundum
475 3597 515 3640 ex
537 3571 652 3639 Judaea
676 3569 785 3637 fuisse.

72 3700 75 3710 “
180 3686 232 3772 De
243 3682 418 3754 Demetrio
441 3679 629 3775 Eupolemo
652 3694 685 3749 et
706 3677 847 3754 Philone
868 3681 947 3749 satis
964 3705 1133 3775 superque

172 3861 214 3940 (ι)
231 3867 261 3920 Β.
277 3862 367 3920 Blem.
385 3863 468 3919 Alex.
481 3854 617 3919 Strornfl
636 3879 663 3937 p.
681 3857 744 3928 146.
934 3940 937 3947 Ι

178 3961 220 4041 (a)
241 3964 271 4019 B.
287 3960 407 4018 Hieron.
419 3959 500 4017 Praei.
515 3957 551 4017 ad
569 3961 680 4016 Cornrn.
696 3957 732 4015 cle
747 3955 830 4015 libris
852 3955 1027 4016 Salomonis.
