2534 4522
475 249 563 350 na
599 245 751 404 rina

591 482 634 523 *ET

100 650 733 811 'nuoromrnrn
763 641 1113 849 rosaria

283 1110 450 1177 CONTRA
473 1108 661 1175 APIONElll
686 1106 955 1171 Arrssanums,

481 1325 755 1360 w

610 1542 639 1618 Ι.

174 1737 254 1826 Quo
275 1749 426 1830 tempore
445 1731 713 1819 Alexandriaeet
735 1735 889 1828 Pergami
912 1748 1001 1805 artes
1025 1736 1120 1832 inge-

129 1876 204 1920 nuae
221 1849 388 1919 florebant
403 1864 436 1918 et
459 1848 553 1918 libris
574 1846 725 1942 undiquc
744 1848 983 1942 conquirendis
997 1876 1128 1948 magno

130 1965 243 2036 studio
263 1963 504 2041 incumbebant
527 1962 695 2033 Ptolemaei
718 1962 890 2058 Attalique
910 1964 1015 2062 reges,
1035 1993 1121 2037 non-

131 2080 222 2150 nulla
248 2081 282 2148 in
307 2077 416 2148 lucem
440 2077 530 2163 edita
556 2092 635 2146 sunt
655 2101 758 2172 opera
774 2102 848 2171 quae
876 2079 938 2147 sub
962 2079 1046 2150 falso
1063 2099 1123 2152 aut

130 2195 365 2266 commentitio
380 2195 517 2262 nomine
528 2191 737 2278 circumlata,
748 2208 783 2262 et
796 2206 869 2262 tum
884 2220 924 2263 ex
936 2197 1123 2268 ambitione

82 2399 88 2409 .
132 2326 192 2381 aut
208 2337 248 2380 ex
266 2310 419 2393 avaritia,
443 2325 515 2378 tum
533 2333 574 2376 ex
598 2308 742 2377 nocendi
758 2323 816 2378 aut
837 2311 1022 2383 mentiendi
1045 2313 1122 2385 libi·

133 2426 222 2511 dine,
242 2439 279 2494 ut
301 2421 442 2518 pulchre
459 2423 572 2517 arguit
597 2421 771 2492 Fabricius
785 2421 851 2515 (1),
872 2425 1021 2518 profecta
1044 2453 1123 2498 cru·

134 2540 213 2610 ditis
242 2538 436 2608 hominibus
464 2537 611 2631 amplam
642 2537 839 2631 disputandi
879 2555 911 2608 et
941 2541 1123 2614 disserendi

134 2653 310 2741 materiam
345 2651 576 2745 praebuerunt.
604 2653 701 2719 Tunc
728 2650 819 2719 enim
851 2653 1017 2749 praecipue
1046 2660 1128 2727 uitri

136 2763 344 2837 rnulesuudu
376 2764 498 2859 firmes
538 2762 672 2858 impulit
705 2763 859 2834 librarios
889 2781 928 2835 ut
957 2771 1126 2860 Socratis,

102 2954 105 2959 ,
137 2879 337 2966 Aristotelis,
362 2879 602 2950 Demosthenis
633 2876 768 2948 laudata
787 2882 926 2951 nomina
944 2881 1036 2953 libris
1058 2890 1127 2958 suis

138 2996 369 3080 inscriberent,
387 2993 525 3088 perinde
547 3018 586 3063 ac
600 2993 729 3064 faciunt
742 2997 916 3064 memorati
936 2998 970 3066 in
995 3000 1127 3071 Phaedri

138 3109 250 3180 fabula
268 3108 414 3179 artifices
1053 3115 1055 3121 ’

219 3263 279 3338 Qui
291 3263 419 3342 pretium
437 3261 577 3340 operibus
587 3263 681 3341 majus
694 3263 857 3338 inveniunt,
872 3285 950 3326 novo

219 3361 250 3418 si
263 3361 402 3419 marmori
413 3360 633 3439 adscripserunt
644 3360 817 3421 Praxitelem
833 3383 902 3435 suo,

219 3459 304 3518 Trito
317 3463 475 3536 Myronem
487 3471 608 3538 argento
617 3457 669 3540 (a)

142 3605 367 3694 «Antequam
392 3625 470 3669 vero
490 3598 702 3672 Alexandriae
725 3616 758 3670 et
790 3605 944 3698 Pergami
976 3630 1068 3701 reges
1098 3609 1132 3676 in

139 3745 160 3779 a
180 3714 414 3811 comparandis
428 3729 579 3785 veterum
604 3713 697 3786 libris
726 3717 869 3786 invicem
884 3718 1134 3813 aemularentur,

184 3907 226 3987 (1)
249 3905 407 3966 Fabricius.
420 3905 495 3965 Bibl.
510 3926 593 3984 graec.
611 3918 629 3964 t.
643 3912 723 3968 xlv.
738 3928 765 3986 p.
786 3909 850 3968 125.
865 3910 911 3972 ed.
933 3913 1016 3985 1754.

186 4003 228 4082 (a)
250 4003 348 4063 Pbaed.
363 4003 414 4063 lib.
427 4009 463 4063 V.
481 4004 597 4082 Prolog.

997 4116 1010 4161 1
