2534 4522
610 182 656 273 ll

142 325 501 422 Deipnosoplristarum
524 326 612 395 libro
633 352 703 397 sese
722 351 760 396 ex
781 330 904 394 Beroso
930 324 1134 418 excerpsisse

142 442 223 510 dicit
248 468 255 509 :
285 447 460 512 «Berosus
479 495 493 531 ,.
523 445 560 511 in
583 445 702 540 primo
722 439 1016 536 Babylonicorum
1045 435 1135 509 libro
1207 500 1225 543 g.

142 586 158 620 a
179 560 332 654 scripsit,
352 559 474 627 mensis
488 564 550 629 Loi
567 560 803 630 decimosexto
821 556 886 647 die,
909 581 969 651 per
986 556 1137 649 quinque

144 670 249 749 «dies
267 670 437 767 Babylone
449 673 568 744 festum
586 671 761 758 celebrari,
770 674 903 743 Suceus
914 669 1137 749 nominatum,

145 815 162 850 a
184 786 281 879 cujus
309 801 459 881 tempore
488 788 656 886 mancipia
682 787 828 856 dominis
849 786 1027 880 imperant,
1049 798 1139 851 etex

145 931 161 965 ο
183 901 286 969 servis
302 926 389 970 unus
411 903 547 997 quidam
559 918 677 998 praeest
698 903 837 988 aedibus,
851 916 978 976 vestem
1003 899 1142 969 indutus

146 1047 162 1082 a
187 1017 284 1110 regiae
310 1017 469 1107 similcm3
490 1018 654 1114 illumque
675 1024 860 1117 Zogunum
884 1030 1016 1088 vocant.
1032 1015 1143 1107 Hujus

75 1193 79 1199 .
149 1162 164 1193 ιι
187 1130 262 1200 festi
276 1132 428 1201 meminit
446 1150 479 1202 et
495 1136 624 1203 Ctesias
637 1136 670 1203 in
688 1134 837 1205 Persicis.
853 1163 870 1197 ο

202 1251 364 1344 Βηρωσσὸς
386 1241 414 1319 δ’
435 1254 464 1318 ἐν
489 1255 602 1347 πρώτῳ
626 1247 881 1338 Βαέυλωνιακῶν,
901 1260 947 1336 τῷ
971 1252 1051 1336 Λώῳ
1072 1248 1147 1340 puel

151 1364 254 1456 μηνὶὲ
240 1357 444 1462 ἑκκαιδεκάτῃ
466 1363 670 1462 αγεσθαιὲορτ
651 1367 832 1443 τὴνΣακέαν
839 1363 1146 1459 προσαγορευομένην

152 1488 181 1551 ἐν
206 1474 399 1547 Baloion
387 1483 437 1550 επὶ
452 1486 567 1576 ημέρας
588 1485 691 1568 πέντε,
711 1485 740 1549 ἐν
762 1477 808 1560 αἷς
828 1483 930 1559 ἔθος’
908 1475 982 1548 εἶναι
1000 1476 1146 1571 ἄρχεσθαι
1191 1463 1193 1467 ⁷

154 1597 224 1674 τοὺς
241 1587 422 1674 δὸῦπθτας
412 1625 471 1666 υπΟ
491 1608 553 1665 τῶν
576 1599 701 1666 ulne‘tdlv
706 1596 911 1692 ,αφηγὸῒῦθαῑ
931 1621 966 1663 TE
982 1604 1037 1673 τῆς
1051 1591 1147 1670 Οἰκίας

154 1713 260 1777 ἔνα’
227 1721 329 1778 αοτῶν
350 1703 538 1781 ἐνδεδυκότα
557 1711 706 1788 στολήν
693 1713 798 1807 ομοίαν
818 1722 857 1806 τῇ
883 1705 1062 1803 βασιλικῆ
1049 1734 1079 1774 ον
1098 1707 1152 1775 καὶ

154 1825 310 1893 καλεῖσθαι
330 1820 479 1922 ζωγάνην.
503 1831 718 1922 Μμνημονεύει
740 1839 795 1906 τῆς
816 1832 923 1921 ἑορτῆς
938 1826 990 1894 καὶ
1008 1821 1151 1900 Κτησίας

158 1943 187 2006 ἐν
210 1932 343 2037 δευτέρῳ
363 1944 531 2036 Περσικῶν.
1154 1962 1157 1967 ’

206 2047 407 2135 Quaeramus
430 2061 542 2115 autern
563 2073 604 2115 an
626 2048 713 2116 idem
732 2071 834 2143 quern
855 2046 1032 2142 impugnat
1058 2041 1182 2112 Athe-⁸

160 2184 252 2228 naeus
278 2184 355 2229 cum
381 2166 558 2230 Zoroastre
579 2163 682 2256 possit
716 2184 915 2256 congruere.
939 2157 1041 2246 Quod
1064 2155 1157 2226 enim

160 2271 289 2342 Plinius
320 2275 492 2344 Secundus
518 2281 677 2345 Berosum
712 2273 783 2343 Beli
814 2273 1020 2345 sacerdotem
1055 2270 1159 2348 fuisse

162 2387 251 2456 dicat
254 2387 449 2483 ‚illumque
462 2391 624 2460 Tatianus
646 2389 834 2460 Alexandro
850 2393 979 2483 Magno
995 2384 1158 2481 aequalem

162 2502 330 2591 declaret,
363 2504 441 2575 inde
480 2506 595 2573 inferri
633 2519 745 2600 potest
779 2504 934 2574 eumdem
972 2501 1160 2573 Zoroastris

164 2617 318 2688 doctrina
339 2619 440 2689 fuisse
457 2621 624 2689 imbutum
647 2634 681 2688 et
704 2620 746 2688 ad
766 2645 840 2688 eam
870 2620 905 2689 in
926 2617 1040 2689 multis
1059 2617 1162 2685 rebus

166 2759 242 2802 suas
268 2735 499 2805 efformavisse
524 2738 715 2831 opiniones.
744 2739 790 2807 At
823 2740 1019 2804 Zoroastres
1048 2735 1160 2802 Deum

166 2873 272 2916 unum
298 2875 368 2918 esse
388 2851 547 2940 affirmat,
569 2853 627 2947 qui
652 2851 788 2945 quidem
809 2867 859 2920 est
881 2875 1023 2947 corpore
1042 2846 1160 2917 similis

168 2961 247 3047 luci,
267 2965 451 3058 animoque
488 2968 630 3035 veritati.
662 2970 805 3037 Berosus
837 2964 951 3060 plures
981 2989 1052 3032 esse
1085 2961 1165 3036 deos

168 3078 362 3165 contendit3
376 3080 643 3149 Xisuthrum'ad
662 3081 742 3149 deos
762 3082 858 3150 ivisse
880 3094 1048 3165 nerrat‚et
1067 3103 1163 3147 cum-

91 3197 93 3200 ⁴
171 3193 246 3262 dem
263 3209 359 3262 natos
383 3197 552 3266 monuisse
574 3210 612 3264 ut
628 3196 709 3265 deos
729 3199 785 3290 pio
805 3195 899 3268 cultu
922 3219 1166 3290 prosequeren-

173 3323 240 3377 tur.
259 3309 344 3397 Quae
361 3324 439 3377 sunt
462 3334 479 3377 a
505 3307 676 3378 chaldaica
696 3309 858 3404 religione
881 3311 1020 3379 omuino
1040 3308 1168 3391 aliena3

175 3422 242 3491 imo
262 3423 454 3517 discrepant
480 3423 578 3519 plane
607 3426 649 3492 ab
676 3424 728 3492 lris
753 3425 936 3520 suppositis
965 3424 1171 3494 carminibus

175 3538 400 3632 aPorplryrio
419 3537 563 3610 laudatis
590 3538 678 3635 (quae
713 3564 908 3633 quanquam
939 3537 1170 3607 commentitia

176 3653 349 3746 antiquam
372 3669 481 3722 tamen
495 3654 536 3722 de
553 3655 718 3726 Chaldaeis
732 3656 925 3749 opinionem
943 3654 1098 3721 videntur
1119 3653 1172 3720 in·

180 3765 294 3837 dicare
307 3767 332 3864 ε)

299 3920 400 3978 Μοῢνοι
414 3920 544 3980 Χαλδαῖοι
560 3919 653 4002 cupient
667 3920 767 4001 λάχον,
780 3922 823 3993 ἡδ’
834 3919 874 4001 ἀρ’
890 3917 1012 4002 Ἑὸραῖοι
