2534 4522
609 142 654 241 76

137 291 356 362 «admodum
379 306 411 360 et
434 293 631 388 impeditum
651 307 718 379 est,
738 293 943 362 Hierusalem
964 296 1053 363 euim
1075 320 1132 364 νο-

136 437 152 469 «
170 422 277 476 catur.
300 409 361 478 Hie
384 409 500 502 igitur
515 409 616 477 homo
639 433 715 478 cum
741 434 759 477 a
787 408 957 506 plerisque
981 409 1131 506 hospitio

136 552 152 585 ι
169 524 390 618 exciperetur,
406 540 440 593 et
456 550 473 592 a
495 525 725 618 superioribus
739 526 891 620 partibus
905 525 947 594 ad
963 527 1132 596 maritima

136 668 153 703 α
174 637 246 709 loca
265 639 491 725 descenderet,
510 666 576 709 non
601 665 755 710 sermone
774 655 923 724 tantum,
949 641 1005 710 sed
1025 642 1129 710 etiam

138 783 155 816 α
172 755 287 823 animo
309 758 446 825 Graecus
474 770 558 825 erat.
583 758 627 823 Et
653 769 737 823 tunc
765 755 862 824 nobis
888 756 921 823 in
940 755 1017 825 Asia
1042 754 1132 824 forte

137 870 388 964 «degentibus,
410 870 546 957 accidit,
576 885 614 939 ut
640 870 754 938 eadem
783 869 943 965 appulsus
970 869 1012 939 ad
1044 870 1131 958 lora,

135 1012 151 1045 ν
169 985 342 1054 nobiscum
364 984 579 1078 aliquandiu,
601 982 768 1078 simulque
786 1011 863 1054 cum
885 985 959 1054 aliis
989 985 1131 1079 quibus-

136 1127 152 1160 α
171 1097 247 1167 dam
275 1097 495 1194 philosophiae
518 1098 695 1181 studiosis,
720 1113 919 1183 versaretur,
938 1123 1054 1167 eorum
1084 1125 1133 1170 sa·

135 1213 302 1306 «pientiae
333 1215 597 1307 experimentum
633 1213 770 1282 faciens.
812 1216 945 1310 Atque,
978 1229 1017 1282 ut
1052 1240 1129 1284 cum

136 1356 152 1390 υ
172 1325 327 1424 plurimis
342 1328 495 1397 doctrina
512 1328 748 1423 praestantibus
764 1327 975 1397 familiariter
989 1330 1131 1422 vixerat,

135 1471 152 1504 a
170 1440 244 1536 plns
262 1441 437 1535 aliquanto
460 1466 561 1535 quam
581 1443 747 1535 acciperet
765 1442 940 1511 nobiscum
968 1440 1023 1512 ille
1041 1470 1131 1515 eom·

135 1584 152 1618 a
169 1557 384 1626 municabat:
401 1544 594 1655 Ῠπιροχίδιν,
615 1560 792 1652 θαυμαστόν
814 1585 845 1626 τι
866 1559 988 1653 ὀνείροις
1009 1559 1062 1628 ἴσα
1081 1564 1130 1630 σοὶ

136 1664 218 1752 δόξω
236 1679 345 1769 λέγειν.
372 1674 433 1741 Καὶ
453 1680 469 1742 ὁ
488 1663 697 1768 Ῠπεροχίδκς,
726 1670 960 1761 εὐλαὸοιίμινος,
989 1667 1031 1743 δι’
1052 1679 1128 1744 αὐτὸ

134 1785 193 1882 γὰρ
219 1789 274 1880 ἔφη
297 1800 414 1872 τοῦτο,
444 1791 497 1858 καὶ
515 1787 665 1883 ζητοῦμεν
697 1792 824 1859 ἀκοῦσαι
851 1789 976 1870 ποίντες.
997 1793 1131 1877 Οὐκοῦν,

134 1898 215 1970 εἶπεν
245 1909 261 1971 ὁ
292 1893 520 1998 Ᾱριστυτιλης,
549 1903 632 1973 κατὰ
657 1906 695 1973 τὸ
721 1916 783 1973 τῶν
816 1913 981 2000 ῥητορικῶν
1009 1908 1129 2004 παροίγ-

133 2024 244 2112 γελμα,
258 2020 398 2115 τὸγένος
417 2024 510 2090 αὐτοῦ
525 2029 649 2114 πρῶτον
665 2012 843 2112 διέλθωμεν,
860 2023 911 2088 ἵνα
932 2026 973 2115 μὴ
1001 2022 1130 2090 ἀπειθῶ-

135 2159 189 2223 ριιν
218 2141 282 2214 τοῖς
315 2146 376 2203 τῶν
409 2133 602 2229 ἀπαγγελιῶν
634 2126 844 2215 διδασκάλοις.
875 2140 970 2231 Λέγε,
1002 2131 1083 2205 εἶπεν
1112 2143 1128 2204 ὁ

134 2234 336 2344 Ῠπεροχίδης,
355 2252 374 2316 ὅ
391 2276 421 2316 τι
440 2276 488 2318 σοι
506 2243 602 2318 δοκεῖ.
624 2253 784 2336 Κάκεῖνος,
801 2251 901 2318 τοίνυν
921 2252 1026 2344 τὸμὲν
1043 2254 1128 2347 γένος

133 2359 168 2435 ἦν
187 2349 323 2444 Ῐουδαῖος
342 2371 376 2434 ἐκ
396 2367 583 2445 τῆςΚοίλης
599 2367 720 2460 Συρίας.
742 2364 841 2435 Οὗτοι
863 2359 900 2433 δέ
923 2366 995 2434 εἰσιν
1014 2367 1129 2462 ἀπόγο-

133 2506 178 2546 νοι
200 2490 261 2547 τῶν
277 2483 307 2548 ἐν
323 2466 421 2560 Ῐνδοῖς
442 2471 624 2575 ριλουιίρων.
652 2484 827 2549 Καλοῢνται
851 2474 897 2569 δὲ,
921 2485 960 2559 ὥς
977 2505 1081 2573 φασιν,
1101 2483 1129 2549 οἱ

134 2596 293 2689 φιλόσοφοι
312 2595 397 2689 παρὰ
415 2597 469 2690 μὲν
489 2581 587 2677 Ῐνδοῒς
607 2598 763 2680 Καλανοὶι,
782 2593 867 2692 παρὰ
884 2588 919 2664 δὲ
938 2599 1042 2685 Σύροις
1064 2582 1130 2665 Ῐου-

134 2703 235 2799 δαῒοι,
252 2715 388 2805 τοῦνομα
408 2710 555 2791 λαθόντες
574 2713 636 2781 ἀπὸ
654 2722 710 2781 τοῦ
732 2714 839 2780 τόπου.
864 2715 1128 2808 Προοαγορενίιται

133 2823 192 2921 γδιρ
213 2824 244 2893 ὃν
269 2839 444 2896 κατοικοῦσι
464 2828 572 2913 τόπον,
597 2812 733 2895 Ῐουδαία·
752 2835 790 2894 τὸ
813 2819 847 2894 δὲ
863 2838 919 2906 τῆς
936 2830 1054 2908 πολεως
1072 2833 1128 2896 αὐ·

134 2954 195 3010 τῶν
225 2943 322 3036 ὄνομα
356 2943 435 3011 ποίνυ
461 2943 581 3011 σκολιόν
613 2945 708 3029 ἐστιν,
729 2931 923 3037 ῙερουσαλήρΙ
941 2940 999 3038 γοὶρ
1028 2946 1127 3019 αὐτὴν

131 3063 284 3126 καλοῦσιν.
302 3057 403 3138 Οὗτος
423 3057 473 3126 οὖν
492 3064 508 3125 ὁ
525 3055 681 3150 ἅνθρωπος
699 3051 923 3151 ἐπιξενούμενός
938 3085 972 3126 τε
988 3064 1128 3143 πολλοῖς,

134 3173 194 3240 κάκ
213 3181 275 3239 τῶν
295 3171 357 3240 ι’ίνω
375 3174 480 3243 τόπων
502 3174 543 3252 εἰς
565 3179 636 3253 τοὺς
662 3173 895 3251 ἐπιθαλαττίους
916 3169 1128 3242 ὑποκαταὸαί·

132 3277 448 3375 tantillitatem,
477 3295 510 3356 οὐ
534 3299 573 3382 τῇ
600 3281 753 3374 διαλέκτῳ
773 3288 878 3380 μόνον,
904 3287 985 3356 ἀλλὰ
1011 3289 1063 3357 καὶ
1087 3299 1129 3383 τῇ

132 3402 224 3496 ψυχῇ.
247 3402 311 3469 Καὶ
325 3401 403 3471 Χτιίτε
419 3397 642 3496 διατριὸόντων
662 3412 747 3496 ἡμῶν
767 3406 836 3496 περὶ
854 3407 909 3478 τὴν
935 3394 1043 3487 Ᾱσίαν,
1063 3429 1126 3471 πα·

133 3513 274 3611 ραὸαλὼν
291 3519 329 3598 εἰς
349 3522 459 3597 αὐτοὺς
476 3519 603 3605 τόπους,
618 3525 647 3586 ἐν
670 3517 713 3595 οἷς
736 3515 824 3611 ἦμεν,
853 3520 1027 3612 ἐντυγχάνει
1053 3525 1129 3612 ἡμῖν
1191 3534 1196 3538 “

131 3659 164 3700 τι
178 3633 230 3702 καί
250 3661 326 3702 τισιν
350 3639 461 3727 ἑτέροις
480 3643 542 3700 τῶν
565 3641 794 3725 προλαστικῶν,
822 3638 1006 3729 πειρώμενος
1024 3638 1131 3701 αὐτῶν

132 3757 186 3826 τῆς
204 3749 328 3842 πυρίας·
354 3743 452 3829 ὡςδὲ
478 3755 601 3827 πολλοῖς
628 3759 689 3815 τῶν
713 3752 742 3815 ἐν
771 3743 896 3842 παιδεία
920 3747 1126 3837 συνῳκιίιυτο,

130 3856 296 3960 παρεδίδου
318 3892 349 3932 τι
369 3871 484 3957 μᾶλλον
506 3864 544 3932 ὧν
568 3860 675 3956 εἶχεν(
701 3853 726 3952 l.

171 4012 179 4088 l
188 4009 213 4086 ¹l
234 4015 294 4070 Jos.
309 4015 400 4090 Oper.
416 4015 454 4072 ΙΙ.
469 4033 498 4093 p.
513 4012 569 4082 454
585 4023 615 4070 et
628 4011 692 4079 455.
