2534 4522
589 249 632 322 77

174 374 276 466 Quod
298 399 376 442 vero
393 372 644 443 Aristotclesin
661 388 729 447 tam
745 370 860 441 multis
882 398 966 467 quos
987 374 1118 468 scripsit

125 490 218 561 libris
240 489 366 560 nullam
387 516 536 585 unquam
559 491 600 559 dc
619 489 743 568 Judaeis
766 490 970 559 mentionem
992 490 1119 578 fecerit,

126 631 270 701 pronum
313 622 362 676 est
406 606 574 700 conjicere
604 605 674 673 baec
705 603 856 675 Clearcbi
893 606 994 674 verba
1029 631 1122 674 com·

125 721 276 790 mentitia
297 747 379 792 esse.
409 725 479 794 Nec
508 746 568 790 uos
598 720 686 815 fugit
725 719 807 788 alios
843 717 940 789 aliter
975 721 1121 806 sentire;

127 838 240 931 itaque
272 862 314 906 ne
354 863 415 906 nos
445 836 637 905 deterreant
662 837 784 904 summi
806 834 868 902 viri
901 835 1122 932 Vossius(1)‚

126 950 377 1057 Scaligerus(n)
405 967 438 1020 et
460 951 641 1046 Burignius
654 948 707 1047 (3)
726 950 783 1044 qui
797 947 961 1019 Clearcbo
985 976 1118 1020 omnem

126 1067 226 1136 fidem
246 1066 520 1137 adhibuerunt
486 1092 577 1158 Jam
599 1068 717 1135 Jonsio
734 1064 915 1158 adjuvante
940 1065 1120 1135 dicendum

126 1183 250 1276 quibus
280 1180 468 1250 rationibus
497 1181 588 1250 bunc
615 1179 738 1249 librum
761 1173 830 1268 περὶ
820 1159 951 1242 anw
967 1206 1119 1275 spurium

126 1295 307 1365 debeamus
328 1320 478 1390 arguere.

177 1437 210 1480 2.
222 1409 331 1479 Multa
342 1409 540 1479 Clearcbum
552 1408 722 1479 Solensem
734 1410 903 1505 scripsisse
921 1409 962 1477 ab
976 1408 1120 1496 AEliano‚

127 1519 281 1621 Diogene
300 1526 444 1609 Laertio,
463 1525 625 1595 Atbenaeo
643 1524 694 1620 (4)
714 1542 747 1594 et
766 1523 938 1594 nonnullis
961 1524 1121 1594 scholias-

128 1641 170 1709 tis
182 1639 235 1736 (5)
247 1641 440 1735 accipimus,
471 1656 506 1708 at
525 1641 647 1710 borum
662 1643 816 1711 omnium
840 1665 939 1708 nemo
960 1638 1038 1708 libri
1052 1633 1121 1728 περὶ

128 1735 230 1819 lutor
253 1757 460 1825 mentionem
479 1755 559 1825 facit
577 1783 585 1825 :
607 1758 735 1850 primus
752 1757 917 1850 Iosephus
935 1771 1121 1825 auctorest

128 1869 329 1940 Clearcbum
350 1872 420 1940 baec
439 1871 480 1939 de
499 1869 626 1940 Somno
642 1873 766 1965 scripta
791 1871 1017 1958 elucubrasse,
1046 1897 1120 1966 quae

127 2010 146 2053 a
161 2010 293 2053 nemine
302 2011 366 2054 msr
377 2011 435 2080 qur
426 1984 614 2076 Flavianis
633 1987 778 2082 vestigiis
792 1987 921 2055 insistat
938 2002 1122 2056 memorata

128 2099 290 2169 videmus
316 2099 499 2195 Subjiciam
523 2126 597 2195 quae
617 2106 647 2171 J
671 2102 805 2170 Jonsius
826 2101 867 2169 de
887 2103 1123 2196 Hyperocbide

128 2217 273 2298 monuit,
292 2214 419 2284 scilicet
437 2244 453 2278 «
470 2240 542 2284 sea
569 2216 684 2286 multis
700 2218 797 2285 annis
818 2215 1005 2286 Aristotelis
1026 2217 1122 2286 fami·

127 2359 145 2393 a
160 2329 259 2400 liares
274 2356 418 2423 quorum
431 2331 520 2424 apud
541 2333 726 2425 scriptores
742 2331 868 2400 mentio
879 2346 931 2408 est
941 2335 1122 2419 notavisse3

128 2446 429 2540 «Hyperocbidem
455 2472 533 2515 vero
553 2473 620 2516 non
649 2427 712 2516 Risi
734 2448 823 2541 apud
851 2449 1034 2543 Josepbum
1062 2451 1122 2518 ob-

129 2586 310 2630 rservasse
335 2562 461 2652 caeteris
496 2563 652 2632 omnibus
681 2564 881 2658 ignotum.»
911 2564 1005 2632 Idem
1035 2581 1124 2634 recte

127 2676 270 2769 judicat,
293 2692 332 2746 ut
359 2678 516 2771 opinor«
538 2703 652 2747 vocem
680 2687 892 2774 σχολαστικῶν
918 2680 951 2746 in
979 2704 1027 2766 ea,
1056 2705 1124 2772 qua

132 2807 349 2886 «usurpatur
369 2792 635 2887 significatione,
662 2793 717 2863 vix
740 2793 830 2887 apud
855 2807 983 2862 veteres
1003 2793 1067 2888 legi
1091 2810 1124 2862 et

134 2920 294 2974 «aetatem
324 2931 441 3001 sapere
464 2907 686 2976 inferiorem:
710 2907 781 2976 loca
812 2907 912 2976 etiam
941 2910 975 2976 iu
1002 2909 1124 3002 quibus

76 3064 83 3089 t
130 3020 300 3114 «juvenes
318 3021 562 3091 erudiebantur
574 3022 724 3092 nondum
744 3022 934 3093 Aristotelis
948 3049 1018 3092 aevo
1031 3024 1125 3093 scho-

132 3165 147 3199 a
164 3135 210 3205 las
230 3135 393 3232 appellari
418 3162 527 3230 neque
549 3139 694 3232 eosqui
717 3136 927 3207 docebantur
952 3138 1124 3208 scholasti·

132 3281 148 3314 «
164 3278 231 3321 cos.
258 3255 298 3320 In
317 3251 460 3338 exedris,
475 3254 522 3320 ait
540 3250 596 3320 ille
616 3253 666 3320 vir
685 3253 816 3338 doctus,
836 3254 999 3337 diatribis‚
1024 3253 1126 3323 Athe-

171 3458 213 3535 (ι)
235 3459 317 3513 Voss.
333 3455 370 3514 de
383 3456 459 3518 Hist,
474 3474 561 3534 graec.
575 3474 603 3532 p.
621 3455 671 3513 83.
685 3454 730 3512 ed.
747 3460 961 3514 Westermann.

172 3554 214 3631 (a)
235 3551 373 3630 Scaliger.
386 3538 582 3630 Appendbb.
600 3549 637 3607 de
650 3550 765 3610 emend.
779 3554 880 3630 Temp.
895 3552 963 3628 928.

173 3650 215 3729 (3)
236 3648 325 3708 mem.
337 3647 374 3706 de
385 3648 495 3707 I'Acad.
508 3649 558 3708 des
570 3648 701 3727 inscript.
713 3661 742 3706 et
756 3647 972 3706 belles-lettres.
984 3653 1125 3712 XXXIX.

134 3747 210 3807 Hist.
227 3766 256 3825 p.
272 3754 388 3815 204.-
400 3743 443 3823 (4)
457 3745 563 3804 AElian.
584 3745 650 3803 hist.
666 3764 714 3804 an.
725 3750 796 3803 XII.
814 3747 861 3814 34.
874 3779 909 3789 -
927 3746 1014 3824 Diog.
1028 3748 1126 3807 Laert.

134 3865 256 3923 prooem.
269 3865 297 3921 9.
309 3877 348 3888 -
363 3842 465 3900 Athen.
478 3846 542 3902 XV.
555 3863 584 3921 p.
599 3843 666 3919 697.
683 3847 731 3901 VI.
749 3843 815 3911 234.
830 3847 881 3901 IV.
895 3842 960 3915 157.
971 3845 1037 3905 XII.
1057 3844 1125 3914 sn..

177 3944 218 4020 (5)
240 3941 315 4005 Vide
327 3947 409 4000 Voss.
422 3941 459 3999 de
471 3940 545 3999 Hist.
561 3961 645 4020 graec.
662 3962 689 4021 p.
707 3941 755 4001 83.
772 3941 819 4000 ed.
833 3945 987 4004 Westerm.
