2534 4522
607 165 649 257 rt

182 333 214 406 7.
236 313 368 387 Rursus
381 325 505 397 noster,
521 310 696 406 praetendit
711 333 894 405 carneque
909 314 1014 380 Mosis
1024 311 1128 382 libro·

133 450 208 494 rum
231 451 338 521 neque
369 425 581 496 laudatorum
606 426 639 494 in
661 424 726 494 illis
745 427 894 495 virorum
913 428 1130 497 meminerint

132 542 310 636 scriptores
338 543 458 638 graeci,
482 541 574 640 ‘banc
596 563 729 611 causam
760 538 879 610 callide
906 540 997 636 quod
1035 560 1129 611 sacra

134 657 288 751 mysteria
328 683 385 726 ore
418 659 551 752 impuro
585 656 678 725 nefas
715 671 799 725 esset
847 656 970 726 efferri.
988 663 1043 735 Mt
1059 651 1129 728 δέον

134 779 228 850 αὐτὴν
254 765 469 869 (νομοθεσίαν)
495 772 633 861 [isenburg
662 776 797 866 στόμασι
822 766 1074 865 διασαφεῖσθαι(
1102 761 1128 863 ).

135 887 235 958 Haud
256 888 357 956 dubie
384 886 559 957 mirificam
580 887 673 980 capis
693 885 903 981 voluptatem
924 913 963 956 ex
982 886 1049 956 hoc
1069 891 1132 955 He·

133 1004 226 1071 oataei
242 1003 399 1088 candore,
419 1003 511 1097 quod
529 1028 568 1071 ex
584 1016 684 1098 gente
700 1026 806 1096 graeca
824 1003 1002 1089 oriundus,
1015 1003 1134 1091 Etlmi·

133 1140 319 1209 corumque
339 1116 569 1211 superstitioni
595 1115 740 1199 deditus,
765 1130 878 1185 tumen
907 1118 1036 1185 sincera
1063 1115 1132 1184 lide

137 1230 284 1299 fateatur
301 1231 463 1300 Etbnicos
478 1253 668 1327 graecosque
693 1229 844 1299 homines
863 1232 963 1299 nimis¹
979 1231 1132 1324 impuros

136 1346 241 1416 videri
256 1362 289 1416 et
311 1349 450 1416 minime
473 1348 591 1441 dignos
612 1346 670 1438 qui
692 1346 849 1415 Judaicas
868 1345 955 1442 leges
973 1361 1132 1430 tractent,

137 1461 273 1557 legant,
299 1478 506 1533 convertant.
536 1464 578 1530 At
607 1459 696 1529 forte
731 1461 811 1530 mibi
861 1462 987 1530 bonum
1021 1462 1132 1529 virum

137 1573 292 1646 illudenti
325 1578 478 1670 objicies,
513 1580 705 1646 Hecataeum
733 1575 928 1663 Abderitam
959 1575 1133 1644 hominem

138 1716 210 1760 esse
223 1708 475 1786 praeposterum,
491 1692 544 1759 rui
564 1692 617 1758 vix
632 1689 733 1758 alium
746 1676 894 1759 invenias
908 1714 1034 1784 parem.
1044 1691 1134 1758 Eum

138 1808 278 1901 Pythico
301 1806 415 1876 furore
435 1808 602 1875 imbutum
626 1819 660 1873 et
682 1829 734 1873 res
750 1804 932 1875 insolentes
958 1830 1026 1900 prae
1048 1805 1135 1872 veris

138 1923 328 2016 quaesivisse
348 1921 425 1992 inde
440 1946 580 2017 argues,
597 1919 688 2013 quod
709 1920 750 1989 de
771 1921 996 2015 Hyperboreis
1026 1916 1134 1987 multa

137 2035 331 2133 confingere
340 2037 519 2120 studuerit,
529 2035 580 2106 vel
589 2033 681 2128 quod
691 2037 903 2132 AEgyptiacos
911 2035 983 2129 ejus
996 2031 1137 2103 annales

136 2152 182 2219 ob
192 2152 398 2247 singularem
419 2147 633 2239 ἐνθουσιασμόν
642 2153 804 2242 poematis
817 2153 955 2219 nomine
969 2149 1137 2219 Arrianus

137 2267 345 2337 decoraverit
386 2268 449 2363 (ι).
490 2279 533 2339 At
574 2285 705 2340 constat
735 2262 1005 2353 Manethonem'‚
1035 2263 1139 2357 Apio·

140 2401 243 2463 uem,
303 2379 540 2474 Lysimachum
593 2377 829 2472 nonuulosque
879 2375 961 2444 alios
1018 2373 1137 2445 eadem

138 2493 242 2560 animi
277 2494 474 2588 impotentia
506 2496 618 2565 omnia
648 2509 796 2564 monstra
830 2491 1041 2586 appetivisse.
1065 2487 1138 2578 Qui

139 2602 177 2671 fit
216 2604 319 2698 igitur
355 2620 391 2674 ut
431 2605 563 2676 Judaeos
606 2605 765 2676 conviciis
805 2602 1042 2688 insectaverint·
1077 2625 1139 2693 po·

140 2721 205 2788 tius
220 2745 322 2813 quam
342 2720 554 2805 laudaverint
575 2747 698 2816 eosque
716 2745 831 2790 amore
846 2734 880 2788 et
901 2714 1138 2787 benevolentia

139 2836 307 2928 prosecuti
332 2835 478 2924 luerint3
499 2836 651 2930 profecto
670 2836 876 2930 quicunque
895 2833 997 2901 animi
1023 2830 1139 2899 studio

139 2948 180 3018 ad
204 2951 365 3020 miracula
385 2965 419 3019 ct
447 2949 584 3020 fabulas·
608 2951 746 3028 nimium
771 2941 1046 3043 est'propensus‚
1076 2971 1139 3015 nec

140 3089 251 3132 rerum
262 3064 340 3134 fidei
354 3065 498 3135 consulit
510 3090 619 3160 neque
634 3081 786 3134 auctores
799 3064 887 3131 bona
911 3061 1039 3130 trutina
1056 3086 1152 3155 pon·⁴
1189 3143 1192 3147 ⁷

140 3178 245 3247 derat.
275 3182 374 3274 Atqui
406 3197 519 3250 nester
550 3185 723 3251 Hecataeus
746 3181 771 3248 si
802 3178 843 3247 ad
870 3177 1063 3247 Judaeorum
1083 3201 1143 3244 an-

142 3292 233 3364 n‘ales
264 3298 524 3366 conscribendos
563 3323 649 3367 caeco
685 3298 810 3390 impetu
848 3292 946 3379 latus,
974 3292 1142 3360 miracula

141 3433 308 3493 enarrare,
336 3411 490 3482 homines
512 3436 717 3508 magnopere
735 3408 907 3477 dilaudare
923 3407 986 3475 sibi
1012 3431 1144 3499 propo·

141 3525 270 3607 suisset,
287 3525 377 3593 haud
394 3525 496 3596 dubie
510 3524 631 3596 fabulis
641 3523 803 3594 sexcentis
817 3537 848 3590 et
866 3536 987 3615 praeter
1000 3517 1143 3588 solitum

141 3640 233 3707 miris
262 3640 386 3714 librum
416 3665 538 3735 augere
569 3639 761 3708 studuisset.
790 3639 833 3705 At
861 3649 980 3706 eontra
1003 3635 1037 3701 iu
1065 3635 1145 3726 ejus

68 3879 71 3885 f
184 3837 221 3915 (ι)
242 3844 304 3898 Jos.
316 3844 370 3918 Op.
383 3845 406 3899 l.
425 3861 453 3917 p.
471 3840 537 3909 458.
550 3840 597 3900 σιΙ.
613 3845 737 3899 flavere.

185 3929 227 4014 (a)
250 3937 362 3996 Arrian.
380 3937 493 4016 Exped.
511 3939 594 3997 Alex.
614 3944 647 3997 V.
664 3940 690 3996 6.
707 3959 733 4009 7.
