2534 4522
607 247 649 317 ¹9

176 378 251 447 Jarn
280 399 362 444 vero
390 388 427 442 ut
443 372 486 443 ad
511 373 613 443 finem
645 373 757 442 veniat
778 373 848 442 baec
871 353 978 466 prima
997 372 1118 468 dispu-

131 490 235 578 tatio,
260 503 295 558 et
317 487 550 573 his-omnibus
575 468 775 556 testimoniis
803 497 929 554 novum
947 486 1119 580 adjiciam3

125 606 232 700 juvat
255 629 309 672 me
343 601 483 673 lectores
510 602 668 696 ablegare
707 601 751 670 ad
788 616 953 671 recentem
995 601 1119 672 librum

131 719 316 809 doctissimi
365 719 427 787 viri
478 717 533 788 cui
580 718 842 812 disputationem
882 717 969 787 hanc
1016 733 1120 788 totam
1200 738 1202 743 ·

131 836 284 906 dedicavi
312 831 377 930 (t).
405 832 519 906 Cuivis
541 836 631 903 enim
660 834 748 903 hanc
781 832 823 902 de
843 832 1020 903 historicis
1045 840 1123 915 Aa·

127 953 228 1049 gusti
261 949 530 1043 disquisitionem
568 947 753 1044 perlegenti
799 947 972 1016 manifeste
1020 974 1123 1044 appa·

133 1065 221 1136 rebit
243 1063 427 1157 Josephum
445 1063 645 1157 sibimetipsi
675 1062 710 1130 in
732 1062 828 1131 omni
853 1087 889 1129 re
917 1062 1125 1134 consuluisse

39 1161 43 1170 ¹
133 1195 167 1249 et
204 1203 332 1248 novum
368 1176 540 1271 quoddam
579 1176 762 1271 aucupium
807 1175 934 1264 secisse,
965 1181 1126 1250 Romanis

136 1292 340 1364 blandiendo
368 1307 403 1383 et
429 1291 590 1362 audacter
628 1291 670 1361 de
705 1291 896 1362 ludaeorum
938 1294 1126 1387 originibus
1169 1339 1171 1344 -

135 1425 169 1479 et
203 1408 365 1502 religione
392 1406 599 1476 mentiendo.
619 1408 731 1496 Quam
759 1431 838 1475 vern
864 1407 939 1475 vitae
962 1408 1125 1480 rationem

136 1550 156 1594 a
190 1541 308 1602 tenera
349 1538 447 1601 aetate
480 1523 665 1597 instituerit
696 1522 800 1591 borne
826 1522 1006 1611 eamdems
1022 1548 1128 1620 usque

135 1639 181 1709 ad
197 1639 328 1708 obitum
345 1639 482 1707 tenebit.
500 1639 586 1706 Nam
601 1637 695 1730 pravi
717 1660 838 1722 mores,
856 1652 897 1704 nt
924 1638 1021 1728 boni,
1036 1640 1130 1711 inva-

138 1753 267 1825 lescunt
282 1779 360 1824 cum
376 1754 484 1841 annis,
502 1767 535 1822 et
549 1776 611 1822 usu
626 1751 878 1820 confirmantur.
896 1754 1061 1846 Josephus
1076 1781 1132 1825 au·

139 1886 219 1957 tem,
236 1894 341 1964 quum
358 1868 401 1937 ad
409 1866 643 1936 mentiendum
658 1867 728 1959 jam
739 1866 953 1958 juvenissese
971 1870 1130 1939 accinxis-

140 2000 201 2072 set,
215 2002 251 2053 et
269 1986 304 2052 in
319 1983 414 2052 libris
432 1981 474 2050 de
486 1982 699 2074 Antiquitate
712 1979 904 2049 ludaeorum
924 2007 962 2050 ac
983 1983 1025 2050 de
1038 1985 1130 2054 Bello

136 2099 275 2194 judaico
300 2101 335 2165 in
362 2097 425 2166 hae
454 2093 608 2164 illiberali
632 2093 819 2163 mentiendi
848 2108 920 2164 arte
955 2121 1025 2165 sese
1055 2098 1131 2167 dili-

142 2230 258 2310 genter
283 2213 497 2298 exercuisset,
516 2209 617 2279 'haud
639 2210 751 2304 potuit
769 2223 893 2303 postea,
920 2229 1134 2283 cumcontra

141 2329 307 2423 Apionem
326 2326 516 2416 dissereret,
539 2349 607 2393 non
630 2322 965 2419 ingenioindulgere
980 2341 1014 2396 et
1037 2343 1136 2398 natu·

143 2468 215 2512 ram
239 2440 463 2536 sequistldde
486 2439 579 2535 quod
602 2453 717 2508 noster
735 2438 805 2532 jam
832 2453 934 2507 aetate
958 2458 1137 2535 provectus

142 2573 177 2628 et
196 2558 322 2627 fractus
348 2555 470 2644 labore,
489 2555 533 2639 ad
553 2554 746 2625 ludaeorum
776 2555 1011 2648 antiquitatem
1027 2556 1139 2626 defen-

143 2672 289 2767 dendam
317 2670 462 2742 debilem
495 2671 644 2740 animum
671 2667 882 2763 applicuerit,
913 2672 990 2740 Non
1016 2673 1138 2741 mirum

100 2844 101 2847 ,
143 2790 293 2884 igitursi
324 2787 475 2858 vetulum
498 2786 626 2880 aliquid
640 2784 754 2856 oleant
778 2786 829 2854 bae
857 2811 950 2857 novae
974 2787 1139 2859 Flavianae

146 2904 408 2994 lucubrationes.
428 2903 561 2973 Etenim
594 2927 670 2971 cum
689 2925 751 2970 nee
765 2901 952 2971 scribendo
967 2904 1140 2998 ingenium

120 3054 122 3057 ·
146 3043 211 3089 uec
229 2998 821 3112 viressuperessent,hoosupremuni
837 3016 1013 3087 consilium
1034 3020 1140 3104 inivit,

146 3132 189 3202 ab
208 3131 323 3221 alienis
331 3131 491 3227 >operibus
511 3128 607 3224 plura
620 3132 778 3214 mutuari,
798 3144 897 3199 testes
910 3131 1021 3224 plures
1033 3133 1138 3202 addu-

147 3269 412 3340 cerecorumqne
425 3243 512 3312 dicta
535 3244 569 3310 in
589 3241 714 3327 librum
727 3241 887 3313 conflare.
908 3247 1027 3339 Itaque
1039 3249 1144 3316 Corn.

105 3407 109 3412 -
147 3358 374 3431 Alexandrum
406 3357 663 3453 Polyhistorem,
697 3356 871 3446 Berosum‚
899 3360 1148 3455 Eupolemnm,v

148 3465 1155 3571 Philonemnemetrium,Hecataeum,atiospraetereamut?

150 3657 242 3735 phutn
272 3655 367 3734 arguit
398 3648 557 3731 Sibyllinos
594 3675 691 3713 versus
727 3655 934 3731 composuisse.
954 3689 989 3698 —-
1015 3628 1145 3731 centia,

153 3754 342 3826 Qaoestiontrm
354 3742 552 3808 Flavianarum
567 3757 718 3826 specimen.
730 3755 813 3810 —De'
827 3749 971 3808 l'autorite
987 3744 1147 3831 lristoriqnc

151 3849 188 3909 de
202 3850 323 3928 Joseph,
341 3869 393 3928 par
408 3853 447 3907 M.
461 3847 512 3907 Ph.
530 3848 655 3906 Chasles.
668 3891 706 3900 -.
721 3848 729 3927 l
735 3847 760 3926 1)
783 3853 815 3908 Ε.
832 3852 934 3926 Egger,
950 3851 1084 3907 Examen
1098 3854 1147 3908 des

149 3948 296 4006 distortens
306 3949 475 4024 Magum,
489 3967 516 4022 p.
536 3945 679 4022 adp-209.
1093 3971 1096 3976 ’

971 4075 1002 4118 2.
