2534 4522
609 191 658 281 37v

131 355 153 408 ἰι
170 357 310 432 cuncta,
331 368 404 436 qua)
423 342 580 411 mandata
600 343 663 412 sibi
691 342 849 427 fuerant,
869 339 1046 409 efficienda
1068 365 1130 408 cu·
1195 404 1198 408 .

135 443 154 521 <i
169 481 255 526 rasse
274 484 282 526 :
305 482 467 545 uxorem,
489 457 594 541 filios,
617 481 778 549 carosque
808 454 987 524 familiares
1010 455 1128 524 eodem

68 620 70 624 »
120 573 403 645 ,ιῖιιῖιοόυκίεσα
437 571 624 668 Ingruente
660 571 797 639 demum
825 569 951 640 diluvio
980 585 1014 639 et
1051 596 1133 639 mox

136 688 395 776 «decrescente,
414 689 543 756 misisse
563 676 763 757 Xisuthrum
784 686 939 779 quaedam
960 684 1134 770 volatilia,

139 833 156 867 «
174 828 367 898 quaequam
387 829 496 898 neque
508 828 617 872 escam
637 827 747 896 neque
765 801 895 887 locum,
914 803 947 870 in
973 826 1041 896 quo
1063 826 1139 871 cou-

137 949 156 983 «
171 918 333 1008 siderent,
349 920 569 1005 invenissent,
578 942 708 986 reversa
721 918 756 984 in
773 918 884 985 navim
900 931 1032 1010 recepta
1045 933 1134 986 sunt.

136 1062 154 1096 υ
172 1037 301 1102 Rursus
318 1033 435 1102 diebus
448 1030 578 1142 aliquot
591 1045 668 1125 post
679 1031 827 1100 emisisse
844 1055 921 1098 aves
938 1029 1035 1118 alias,
1060 1056 1134 1123 quae

142 1179 161 1213 «
178 1149 258 1217 item
275 1149 318 1217 ad
339 1150 451 1217 navim
473 1172 630 1242 regressae
646 1161 725 1216 sunt
744 1147 885 1241 pedibus
902 1146 974 1216 luto
991 1148 1134 1217 insectis.

121 1253 156 1326 'a
175 1263 293 1333 Tertio
313 1262 459 1356 denique
481 1262 632 1331 demissae
658 1287 735 1330 aves
761 1286 865 1355 quum
881 1261 924 1329 ad
941 1261 1052 1329 navim
1066 1287 1135 1330 non

20 1459 40 1467 ⁶
58 1374 64 1384 '
121 1405 156 1439 ι(
177 1391 437 1464 reverterentur,
452 1376 648 1468 cognovisse
661 1375 991 1444 Xisuthrumterram
998 1400 1136 1468 prorsus

134 1517 240 1560 «esse
268 1488 479 1585 patefactam.
494 1494 593 1560 Tunc
610 1490 704 1558 navis
728 1503 817 1558 tecto
836 1488 958 1582 partim
978 1489 1135 1575 effracto,

128 1606 281 1675 «navim
312 1607 420 1700 ipsam
449 1607 555 1673 monti
587 1605 718 1673 cuidam
757 1605 957 1695 innitentem
992 1604 1134 1691 vidisse:

131 1751 150 1786 α
169 1747 313 1814 moxque
335 1721 444 1814 ipsum
474 1746 550 1790 cum
579 1745 686 1789 uxore
719 1719 855 1813 filiaque
890 1745 956 1789 una
981 1735 1014 1789 et
1043 1723 1135 1789 navis

139 1863 156 1899 ιι
172 1836 358 1912 architecto
377 1836 597 1921 exscendisse,
611 1860 650 1903 ac
664 1850 946 1929 pronumterram
958 1861 1028 1904 esse
1045 1821 1138 1904 vene·

132 1980 147 2012 a
169 1965 301 2037 ratum,
323 1965 517 2043 structaque
535 1974 593 2018 ara
613 1950 677 2018 diis
699 1975 829 2018 sacrum
857 1950 1044 2019 obtulisse:
1066 1976 1134 2044 quo

132 2094 149 2127 (ι
172 2063 277 2148 facto,
305 2089 381 2132 cum
404 2064 443 2132 iis
465 2065 522 2157 qui
547 2088 659 2131 secum
682 2065 758 2157 navi
781 2065 944 2148 exierant,
969 2089 1132 2158 nusquam

133 2207 150 2241 υ
174 2179 413 2273 comparuisse.
428 2177 592 2271 Reliquos
610 2192 722 2246 autem
738 2179 798 2272 qui
824 2179 857 2246 in
870 2181 949 2247 navi
971 2180 1132 2248 substite-

131 2323 148 2356 «
169 2309 255 2375 rant,
283 2319 392 2388 neque
417 2319 494 2362 cum
513 2294 668 2363 Xisuthri
686 2295 848 2362 comitatu
868 2296 991 2389 egressi
1020 2311 1132 2382 erant,

132 2438 148 2470 «
171 2408 257 2477 facta
290 2434 367 2476 nrox
411 2408 643 2491 exscensione,
687 2433 762 2476 eum
800 2411 993 2502 quaeritasse
1038 2409 1135 2478 ober-

132 2538 282 2592 «rantes
304 2539 338 2591 et
363 2524 502 2592 nomine
525 2521 731 2592 inclamasse.
768 2524 814 2591 At
830 2548 908 2591 vero
931 2524 1132 2592 Xisuthrnm
1211 2565 1216 2575 ·

132 2669 149 2701 «
170 2637 258 2706 haud
274 2637 362 2705 uitro
376 2662 410 2705 se
427 2636 702 2732 conspiciendum
725 2636 872 2724 dedisse,
896 2663 976 2706 voce
998 2652 1129 2706 tantum

176 2784 322 2864 Γενομένου
335 2784 362 2844 δὲ
377 2791 423 2844 τοῦ
435 2788 636 2870 κατακλυσμοῦ,
646 2786 691 2844 καὶ
705 2784 798 2852 εὐθέως
812 2785 947 2861 λήξαντος,
971 2791 1022 2846 τῶν
1034 2786 1130 2867 ὀρνέων

130 2881 190 2942 τινθι
212 2882 257 2942 τὸν
281 2882 425 2963 Ξίσουθφον
452 2880 575 2964 ἀφιέναι·
594 2882 628 2941 τὰ
650 2881 677 2942 δὲ
701 2886 730 2942 οὐ
748 2881 845 2964 τροφὴν
856 2883 963 2964 εὑρόντα
978 2882 1037 2942 οὔτε
1050 2883 1130 2942 τόπον

130 2981 195 3040 όπου
210 2979 331 3052 καθίσαι,
350 2979 430 3038 πόλιν
445 2982 528 3038 ἐλθεῖν
551 2981 588 3046 εἰς
602 2980 632 3039 τὸ
649 2982 751 3038 πλοῖον.
766 2979 819 3040 Τὸν
843 2979 871 3038 δὲ
893 2980 1038 3061 Ξίσουθφον
1053 2983 1132 3039 πόλιν

131 3076 199 3156 μετὰ
212 3076 284 3143 τινὰς
298 3075 400 3157 ἡμέρας
419 3074 523 3156 ἀφιέναι
538 3074 572 3134 τὰ
587 3075 678 3155 ὄρνεα·
694 3081 778 3135 ταῦτα
791 3074 819 3134 δέ
839 3077 920 3136 πάλιν
935 3079 972 3142 εἰς
998 3075 1046 3150 τὴν
1068 3082 1130 3135 ναῦν
1163 3116 1165 3120 ⁴

131 3175 214 3232 ἐλθεῖν
227 3175 287 3239 τοθς
300 3169 383 3237 πόδας
396 3170 604 3248 πεπηλωμένους
616 3168 723 3249 ἔχοντα,
741 3171 781 3230 Τὸ
793 3169 820 3229 δὲ
842 3171 927 3252 τρίτον
945 3173 1074 3254 ἀφεθέντα
1085 3175 1133 3231 οὐκ

130 3269 169 3328 ἔτι
186 3271 267 3328 ἐλθεῖν
292 3269 328 3336 εἷς
343 3267 373 3326 τθ
384 3269 487 3332 πλοῖον,
502 3265 556 3326 Τὸν
571 3266 598 3325 δὲ
610 3265 755 3349 Ξίσουθφον
768 3268 981 3347 ἒννοηθῆναιγῇν
997 3273 1132 3349 ἀναπεφη-

130 3367 216 3426 νέναι·
231 3365 350 3424 διελόντα
361 3387 390 3423 τε
400 3367 451 3422 τῶν
462 3369 507 3424 τοῦ
523 3362 616 3422 πλοίου
631 3367 719 3446 ῥαφῶν
736 3362 911 3445 μέροςτι,κα“ι
918 3365 1007 3425 ἰδόντα
1024 3391 1126 3447 προσοι-

130 3466 219 3523 κεῖλαν
231 3463 262 3522 τὸ
274 3463 365 3521 πλοῖον
376 3460 432 3542 όφει
444 3462 495 3520 τινί
512 3461 623 3533 ἐκόῆναι
640 3459 707 3539 μετθι
722 3465 769 3533 τῆς
779 3461 902 3538 γυναικὸς
922 3463 968 3522 καὶ
987 3467 1035 3534 τῆς
1048 3451 1129 3541 θυγα-

129 3559 189 3638 τφθς
202 3560 304 3620 καὶτοῦ
317 3557 487 3639 κυὸεφνήτου,
501 3558 720 3639 προσκυνήσαντα
730 3556 778 3628 τὴν
793 3563 853 3637 γῆν,
869 3561 912 3619 καὶ
924 3560 1013 3639 βωμὸν
1027 3561 1134 3640 ἱδρυσό-

131 3680 226 3736 μενον,
239 3656 283 3717 καὶ
297 3655 458 3715 θυσιάσαντα
480 3664 533 3723 τοῖς
548 3661 630 3729 θεοῖς,
645 3654 767 3735 γενέσθαι
782 3655 849 3732 μετὰ
863 3661 916 3715 τῶν
934 3655 1067 3715 ἐκόάντων
1080 3661 1126 3717 τοῦ

32 3810 43 3830 ,
130 3755 222 3827 πλοίου
235 3758 332 3838 ἀφανῆ.
348 3757 373 3814 Τ
374 3751 416 3820 οθς
428 3754 456 3811 δὲ
466 3753 657 3831 ὑπομείναντας
671 3756 698 3813 ἐν
712 3757 752 3834 τῷ
766 3753 867 3834 πλοίῳ,
881 3753 918 3831 μὴ
938 3753 1128 3834 εἰσπορευομέ-

130 3873 183 3909 νιιιν
197 3855 248 3911 τῶν
271 3851 332 3933 περὶ
353 3850 396 3910 τὸν
419 3849 564 3932 Ξίσουθφον
586 3849 716 3918 ἐκθέντας
733 3853 817 3923 ζητεῖν
841 3848 918 3909 αὐτόν
934 3849 978 3909 ἐπὶ
1000 3850 1127 3930 ὀνόματος

132 3950 264 4027 βοῶντας*
276 3949 320 4010 τόν
333 3950 360 4008 δὲ
374 3949 518 4030 Ξίσουθρον
532 3948 610 4008 αὐτὸν
622 3948 670 4025 μὲν
682 3951 768 4016 αὐτοῖς
781 3946 879 4008 οὐκέτι
894 3951 1003 4031 ὀφθῆναι
1016 3995 1022 4024 ,
1040 3948 1127 4031 φωνὴν
