2534 4522
623 206 665 284 15

27 458 33 465 ,
66 400 69 405 ·
147 389 220 434 rem
240 376 361 433 tractat
383 361 513 431 ratione
538 358 603 428 alia
632 374 733 454 atque
755 361 923 455 losephns
941 387 948 429 :
966 359 1143 445 illectum,

148 478 207 573 qui
230 501 324 549 mare
355 499 416 545 suo
450 473 728 568 operaepretium
752 474 919 547 existimat
946 477 1141 546 Graecorum

148 594 302 661 omnium
315 605 493 663 auctorum
514 590 649 661 nomina
664 613 840 659 recensere
849 641 863 677 ,¹
877 588 987 684 plures
1006 589 1142 663 illorum

148 709 241 784 locos
256 731 418 801 usurpare
433 719 467 777 et
484 705 692 790 ‹lesorib'ere;
711 704 800 775 idem
820 731 860 775 ex
875 706 928 777 his
944 704 1038 788 libris
1055 704 1143 775 nihil

68 869 72 877 ·
149 805 292 920 profert,
306 849 382 897 cum
402 839 516 898 tamen
536 821 642 895 multa
666 824 733 891 sint
756 824 789 892 in
811 825 870 908 eis,
889 825 917 893 si
933 824 1080 918 Joseplto
1101 825 1142 895 fi·

148 943 219 1032 des,
243 940 437 1040 ludaeorum
456 940 693 1033 antiquitatem
710 940 984 1033 comprobatum.
1011 940 1082 1026 Qui
1103 940 1143 1012 fit

149 1059 252 1151 igitur
266 1072 304 1132 ut
319 1059 388 1150 ipse
404 1055 571 1141 Clemens,
585 1079 687 1148 quem
705 1069 855 1125 veterum
866 1055 937 1134 sine
947 1069 1142 1124 controver-

150 1175 199 1243 sia
224 1169 489 1252 eruditissimum
534 1194 606 1239 esse
640 1167 879 1242 Valckenarius
909 1171 1030 1239 merito
1052 1168 1144 1262 affir-

149 1288 292 1382 mat(r),
306 1288 352 1359 ita
369 1285 506 1379 losephi
526 1285 561 1354 in
583 1284 749 1376 Apionem
768 1282 873 1359 libros
891 1284 1144 1377 praetermittat?

149 1400 1144 1494 Quinetiam,eumde.lodaeorumantiquitateetdeApione

152 1521 225 1612 ipso
245 1517 384 1603 diceret,
401 1517 469 1589 imo
490 1515 630 1585 adderet
651 1514 740 1587 hane
758 1514 1056 1608 disputationemn
1078 1519 1142 1587 Ta·

150 1624 244 1695 tiano
258 1623 485 1716 Cassianoqne
501 1619 632 1718 trepidat
647 1620 748 1694 fuisse
767 1635 958 1707 tractatam,
974 1621 1033 1714 qui
1052 1619 1091 1690 fit
1108 1637 1144 1691 nt

148 1739 293 1825 omnino
315 1738 356 1807 de
374 1736 521 1832 losepho
552 1736 684 1806 taceat?
709 1733 847 1806 ,Scilicet
868 1735 1020 1807 eamdem
1039 1751 1144 1807 mate-

151 1845 235 1913 riam
263 1843 430 1939 Josephus
454 1842 553 1920 haud
571 1839 704 1938 ἀκριὸῶς
737 1842 973 1915 tractaverat?
999 1843 1045 1912 ita
1064 1868 1144 1913 sane

151 1958 306 2033 Clemens
325 1959 471 2049 censuit3
491 1955 647 2051 idemque
664 1955 734 2045 ille,
749 1958 1006 2053 quiTatianum
1025 1959 1147 2052 proba-

151 2076 214 2162 vit,
239 2101 307 2176 rron
329 2075 441 2173 potuit
462 2073 644 2166 losephum
669 2097 739 2144 non
765 2073 1026 2166 reprehendere3
1044 2073 1145 2143 ambo

152 2191 232 2263 dum
252 2191 435 2283 instituunt
450 2189 602 2259 eamdem
624 2189 715 2258 viam
735 2190 840 2282 sequi,
863 2189 898 2257 in
923 2189 1039 2258 iisdem
1063 2191 1144 2263 scri·

151 2306 307 2402 ptoribus
325 2303 469 2374 citandis
483 2302 584 2400 longe
598 2302 813 2390 dissentiunt,
831 2303 1075 2400 quodquidam
1096 2305 1146 2378 in·

152 2422 203 2491 fra
221 2421 423 2507 ridebimus,
445 2408 646 2502 abieritne
668 2423 805 2506 Beroso,
825 2418 866 2488 de
889 2401 1090 2505 Menandro,
1105 2403 1146 2493 de

151 2525 416 2632 Dioragendnm.
444 2521 584 2620 Rursus,
617 2520 754 2601 ineante
771 2518 879 2601 *tertio
905 2533 1039 2623 saeculo,
1058 2534 1146 2607 Afri-

152 2676 239 2740 cano
256 2649 385 2745 placuit
405 2640 494 2719 hanc
514 2674 648 2718 causam
668 2648 710 2716 de
728 2646 921 2719 Judaeorum
946 2649 1146 2742 antiquitate

151 2791 261 2862 agere,
288 2781 321 2834 et
345 2765 456 2860 plura,
485 2790 559 2859 quae
583 2764 730 2834 materiae
758 2765 1011 2837 accommodata
1032 2782 1142 2852 erant,

152 2881 344 2964 testimonia
362 2881 522 2985 proferre.
545 2885 706 2950 Berosum
730 2881 833 2979 igitur
851 2880 892 2948 ad
906 2895 1018 2975 partes
1037 2897 1143 2968 vocat,

151 2994 247 3065 illum
268 2997 344 3065 dico
364 2993 614 3064 chaldaicorum
642 2993 814 3063 annalium
838 2997 1053 3093 scriptorem3
1082 2997 1144 3067 iste

151 3138 233 3184 vero
259 3119 404 3187 Berosus
428 3136 528 3206 quem
560 3111 649 3205 apud
675 3113 855 3183 Tatiannm
886 3126 919 3181 et
948 3112 1143 3200 Africanum

151 3229 353 3313 invenimus,
373 3227 524 3323 alterque
556 3227 672 3309 eodem
701 3228 904 3322 cognomine
932 3228 1021 3322 apud
1050 3233 1139 3299 Jose·

152 3346 258 3445 phum
279 3342 479 3440 appellatus,
501 3357 539 3443 ut
555 3343 650 3413 Sosia
671 3368 749 3413 cum
770 3344 942 3415 Mercurio
964 3345 999 3416 in
1018 3344 1143 3431 fabula,

151 3461 200 3529 ita
230 3459 442 3546 dissentiunt,
462 3473 500 3531 ut
520 3473 657 3554 possent
676 3482 738 3552 pro
768 3457 833 3529 hoc
863 3457 982 3531 eodem
1006 3461 1144 3531 nomine
1223 3453 1225 3457 ¹

151 3575 365 3664 contendere,
390 3574 459 3644 imo
488 3599 558 3647 sese
582 3574 728 3647 invicem
755 3597 963 3668 oppugnare.
989 3573 1091 3663 Quod
1114 3575 1144 3653 si

150 3688 360 3780 talisverum
374 3694 536 3781 Berosnm
553 3705 587 3761 et
604 3687 703 3762 slmul
719 3682 932 3761 luttrudis
944 3689 1144 3782 magistrum

193 3945 234 4026 (ι)
256 3947 392 4010 Valcken.
406 3943 620 4006 deAristobulo
632 3943 744 4002 Judaeo.
757 3962 784 4020 p.
801 3963 834 4014 ς,
