2534 4522
607 186 653 258 70

134 342 215 396 τινος
235 329 382 411 μυστικῆς
407 320 583 417 ἀναγραφῆς
615 321 656 391 τὰ
675 324 743 417 περὶ
761 333 822 390 τῶν
844 313 962 417 ἀνδρῶν
983 323 1130 391 τούτων·

133 439 218 526 ἡμεῖς
236 433 436 528 προσοίσομεν
462 440 518 513 τὴν
539 441 799 533 ἐπιγεγραμμένην
818 441 953 524 Γένεσιν,
969 443 1131 531 περιέχου-

134 575 190 616 σαν
213 544 270 629 τὰς
288 543 412 644 πράξεις
429 562 490 619 τῶν
510 544 628 649 ἀνδρῶν
649 556 788 640 τούτων,
805 552 857 622 καὶ
879 555 950 631 τοὺς
969 561 1025 623 τοῦ
1050 553 1133 622 Θεοῦ

132 667 286 759 χρησμοὺς
308 667 383 758 πρὸς
407 670 517 748 αὐτοὺς
534 675 669 763 ἐροῦμεν.
696 668 862 752 «Dicite,
883 692 904 735 o
925 667 1030 755 Boni,
1055 666 1134 760 quis

131 807 151 844 α
168 777 224 847 ille
244 795 293 848 est
319 781 516 852 Abraham?
542 799 688 876 quantus
713 782 767 853 ille
792 780 907 852 Isaaci’
930 806 1008 854 cum
1027 780 1135 876 igitur·

133 923 150 959 «
169 919 268 962 nemo
286 911 433 964 vestrum
454 897 550 967 nobis
565 897 739 968 ostendere
758 898 862 994 possit
879 911 937 967 aut
957 895 1130 965 historiam

135 1039 152 1074 n
171 1010 239 1078 sive
254 1013 469 1097 Graecorum,
482 1011 552 1081 sive
569 1013 812 1099 barbarorum,
833 1026 892 1081 aut
907 1011 937 1081 si
954 1011 1046 1080 deest
1067 1009 1132 1079 his·

134 1125 270 1209 «toria,
295 1123 410 1194 saltem
433 1129 586 1219 quamvis
608 1126 707 1197 aliam
725 1152 891 1197 arcanam
917 1126 1137 1219 conscriptio·

134 1268 151 1302 a
172 1264 246 1308 nem
266 1239 325 1309 ubi
344 1266 396 1309 res
414 1239 548 1312 illorum
566 1244 714 1313 virorum
731 1258 831 1336 gestae
845 1243 1050 1337 consignatae
1064 1240 1134 1310 fue·

134 1383 152 1417 a
171 1355 263 1423 rint:
285 1380 345 1427 nos
367 1381 445 1425 vero
473 1356 618 1446 librum,
635 1359 689 1426 oui
714 1357 832 1426 titulus
852 1356 1132 1444 Genesis‚.exlri··

135 1499 151 1531 n
167 1469 286 1537 bemus
305 1495 357 1539 res
380 1469 516 1540 illorum
532 1488 640 1568 gestas
652 1487 684 1542 et
697 1471 832 1542 oracula
845 1471 910 1542 illis
924 1498 943 1541 a
959 1475 1032 1543 Deo
1042 1469 1133 1539 edita

133 1615 149 1648 n
168 1585 397 1654 continentem
414 1587 509 1683 (1).»

186 1705 219 1784 [Ι.
237 1700 331 1788 Quid
345 1716 457 1771 autern
473 1728 603 1786 rnoror;
617 1703 782 1772 habemus
792 1702 1011 1771 confitentem
1027 1725 1133 1769 reum.

136 1817 325 1884 Veniamus
358 1817 460 1910 igitur
498 1819 540 1886 ad
579 1817 793 1911 dijudicanda
821 1813 952 1911 singula
991 1839 1066 1908 quas
1097 1817 1131 1885 iu

138 1933 372 2009 dissertatione
405 1933 447 2003 de
479 1934 669 2004 ludaeorum
721 1935 922 2028 antiquitate
963 1931 1135 2002 Abderitae
1183 1939 1184 1942 ’

138 2049 307 2142 adscripta
322 2065 414 2118 suut.
432 2054 605 2119 Hecataeus
620 2051 723 2145 igitur
740 2049 839 2119 iubis
860 2073 935 2142 quae
950 2071 968 2115 a
986 2047 1136 2139 Josepbo

141 2178 316 2257 ponuntur
350 2163 545 2258 fragmentis
584 2163 753 2233 celebrare
795 2163 856 2232 sibi
912 2174 1135 2256 proposuerat

136 2305 206 2373 qua
234 2280 422 2348 constantia
447 2295 481 2347 et
503 2281 627 2348 virtute
664 2278 772 2348 ludaei
799 2279 961 2348 institutis
998 2277 1068 2345 suis
1102 2291 1135 2342 et

139 2393 298 2488 religioni
325 2393 534 2464 adhaererent
570 2394 836 2490 praeferreutque
875 2417 993 2463 omnes
1023 2390 1138 2459 subire

140 2511 308 2579 cruciatus
350 2535 450 2604 quam
483 2509 608 2580 alienos
641 2509 720 2580 deos
752 2511 902 2579 venerari
933 2534 940 2576 :
970 2537 986 2571 «
1018 2506 1140 2591 ludaei,

141 2655 158 2689 n
178 2625 304 2718 inquit,
319 2649 511 2720 quanquam
529 2641 561 2695 et
583 2625 768 2694 maledictis
789 2624 903 2718 impeti
924 2621 1032 2691 solent
1050 2646 1070 2688 a
1091 2621 1136 2688 vi·

142 2768 159 2803 a
178 2739 262 2807 ciuis
287 2739 491 2845 advenisque
509 2755 542 2808 et
567 2739 729 2832 injuriose
750 2763 837 2832 saepe
864 2735 996 2807 tractati
1014 2749 1094 2803 suut
1120 2759 1140 2802 a

143 2885 161 2918 a
179 2854 321 2924 Persicis
338 2857 476 2950 regibus
495 2869 530 2924 et
551 2853 707 2949 satrapis,
730 2879 798 2922 non
813 2865 986 2947 possuuta
1006 2864 1142 2919 senteu-

141 3001 157 3034 ε
176 2970 222 3039 tia
242 2969 375 3057 deduci,
392 2970 451 3040 sed
465 2996 526 3065 pro
543 2994 580 3037 ea
597 2970 741 3038 maxime
760 2969 911 3038 omnium
929 2967 1006 3036 lorti
1025 2966 1143 3034 animo

141 3117 158 3148 a
176 3110 277 3154 omne
296 3111 402 3182 genus
426 3086 595 3156 cruciatus
627 3086 888 3177 saevissimasque
915 3096 1040 3151 mortes
1063 3081 1142 3170 sub-

144 3227 161 3262 «
181 3213 274 3285 eunt,
299 3225 358 3268 nec
376 3199 496 3270 adduci
521 3213 662 3295 possunt
681 3215 718 3268 ut
740 3199 848 3293 patria
876 3196 1029 3264 instituta
1046 3194 1144 3264 abdi·

144 3344 161 3377 a
180 3328 269 3383 cent.
286 3315 380 3403 Quin
408 3331 442 3384 et
472 3315 593 3383 indicia
615 3314 767 3408 perhibet
794 3338 861 3380 non
890 3312 1010 3404 exigua
1034 3310 1142 3378 animi

145 3459 162 3494 ι(
181 3453 297 3498 eorum
313 3431 476 3524 propositi
495 3431 621 3498 tenacis
637 3444 669 3498 et
686 3426 786 3496 validi
802 3427 890 3496 circa
903 3425 1009 3520 legem
1026 3425 1145 3495 obser·

145 3574 162 3610 n
181 3545 336 3615 vandum.
362 3546 453 3615 Dicit
467 3546 575 3634 enim,
593 3548 709 3613 «Cum
727 3540 910 3636 aliquando
923 3540 1015 3636 apud
1028 3541 1144 3635 Baby·

147 3689 164 3725 «
184 3635 296 3732 loriem
318 3675 403 3731 esset
433 3659 632 3747 Alexander,
648 3673 682 3727 et
706 3656 804 3727 uellet
826 3660 855 3728 is
874 3658 943 3728 Beli
973 3655 1166 3751 templum-

187 3893 226 3976 (ι)
248 3897 368 3976 Origeu.
384 3902 469 3958 Cout.
487 3895 561 3954 Cels.
574 3894 625 3953 lib.
641 3901 674 3952 V.
