2534 4522
623 175 671 272 69

144 357 163 393 s
177 327 329 397 meminit
337 326 394 396 sed
416 325 537 394 librum
555 326 813 419 deeoscriptum
834 322 977 416 reliquit.
993 320 1088 410 »Qui
1103 319 1142 389 fit

146 445 249 538 igitur
270 458 308 512 ut
334 469 431 512 nemo
462 457 583 536 praeter
604 439 946 536 losephumhujnsce
966 436 1042 548 libri
1072 441 1141 533 cepi

144 551 315 656 Ᾰὸρασίμσυ
336 560 538 627 mentionem
555 558 668 646 faciat,
686 556 745 650 qui
764 555 803 624 fit
818 569 854 623 ut
873 553 1035 623 Eusebius
1054 553 1137 646 ipse,
1162 560 1169 569 '

141 700 219 742 cum
242 672 353 768 plures
378 689 530 743 auctores
552 689 586 742 et
608 672 734 742 fraudis
752 669 898 741 artifices
915 668 1060 738 adducat
1082 671 1137 762 qui

143 790 348 859 Abraamum
369 789 506 859 laudent
528 806 561 859 et
579 787 708 858 fabulas
734 785 839 856 aniles
856 799 1048 868 contexant,
1067 786 1140 852 Me·

141 903 253 974 lonem
282 902 406 975 scilicet
424 922 458 974 et
476 913 684 999 Artapanum
720 919 754 972 et
784 901 962 972 Nicolaum
982 915 1016 968 et
1034 897 1139 969 Philo·

142 1046 218 1090 nrm
252 1011 416 1090 seniorem
457 1036 490 1090 et
511 1021 639 1090 bonum
679 1018 775 1089 illum
795 1016 1040 1112 Eupolemum²
1063 1015 1139 1121 ⁸qul

103 1181 105 1186 -
141 1135 180 1204 fit
212 1150 248 1203 ut
274 1135 363 1204 idem
386 1135 428 1204 de
455 1140 609 1205 Hecatoeo
646 1134 807 1204 Abderita
837 1131 975 1200 verbum
1007 1126 1137 1197 nullum

141 1249 293 1344 proferat
316 1250 436 1318 nedum
452 1247 575 1319 librum
594 1252 663 1345 περὶ
687 1241 838 1347 Ᾰέράμσυ
856 1249 1019 1316 nominet.
1043 1249 1136 1337 Quin

140 1364 209 1458 ipse
239 1367 418 1459 Josephus‚
438 1389 516 1436 cum
542 1367 576 1434 in
614 1365 847 1434 dissertatione
880 1379 997 1434 contra
1034 1366 1139 1460 Apio·

139 1504 215 1547 nem
253 1481 337 1548 tanti
369 1479 469 1549 faciat
487 1482 601 1548 omnia
618 1506 692 1573 quae
706 1480 829 1550 ludaeis
848 1479 978 1548 laudem
995 1480 1140 1549 afferant

143 1625 314 1670 recensere
333 1601 565 1698 etcolligere,
585 1603 707 1671 ibidem
728 1601 769 1671 de
793 1602 880 1671 libro
899 1604 968 1694 περὶ
987 1595 1134 1700 Ᾰὸρσὶμσυ

142 1716 275 1808 penitus
306 1731 408 1800 taret3
442 1732 587 1785 attamen
620 1733 691 1785 tum
719 1717 874 1810 inprimis
902 1717 1073 1810 oportuit,
1099 1733 1137 1784 ut

138 1829 277 1923 opinor,
316 1831 372 1899 ubi
400 1832 441 1900 de
465 1832 655 1902 ludaeorum
678 1831 881 1927 antiquitate
902 1858 1012 1900 sermo
1046 1848 1136 1915 erat,

141 1943 308 2014 celebrare
340 1947 431 2015 huuc
467 1945 727 2016 illustrissimum
776 1949 817 2015 de
853 1949 996 2041 judaicas
1028 1951 1136 2042 gentis

114 2074 278 2150 parente
321 2061 514 2130 Abrahamo
566 2076 706 2146 testem,
753 2078 785 2130 et
821 2062 1002 2131 nonnullos
1035 2066 1133 2130 etiam

139 2175 284 2242 Hecataei
312 2173 401 2243 locos
427 2175 587 2269 prolerre.
608 2177 701 2266 Quid
718 2193 765 2245 est
801 2177 905 2272 igitur
937 2177 1027 2270 quod
1048 2177 1136 2246 hanc

139 2288 319 2358 Abrahami
361 2291 535 2359 historiam
569 2317 634 2384 qua
671 2307 766 2360 antea
801 2307 975 2386 tantopere
1012 2294 1135 2387 gaude·

138 2403 195 2470 bat
209 2404 244 2471 iu
263 2393 325 2472 liac
341 2405 575 2473 lucubratione
598 2431 683 2473 nova
703 2409 935 2500 praetermittat
955 2406 1004 2474 vel
1024 2407 1132 2502 negli-

137 2519 218 2610 gat?
236 2519 398 2612 Equidem
430 2523 582 2614 suspicor
608 2521 655 2589 Fl.
682 2523 864 2616 losephnm
885 2522 927 2589 de
952 2521 1040 2590 libro
1065 2533 1134 2618 περὶ

140 2625 286 2729 Ᾰὸρσίμσυ
304 2635 465 2719 tacuisse,
489 2635 582 2727 quod
598 2637 717 2705 crebro
736 2664 755 2704 a
773 2640 869 2706 lusto
888 2639 1071 2730 ceterisque
1087 2637 1132 2705 ob

136 2775 266 2818 errores
285 2776 353 2819 nou
372 2776 495 2844 pancos
510 2750 579 2844 jam
605 2751 776 2821 lacessitus
795 2753 1132 2839 animumadducere

136 2867 287 2957 nequiret
314 2882 349 2934 ut
371 2892 487 2935 rursus
515 2884 580 2935 tam
609 2868 822 2938 manifestum
854 2869 1062 2937 mendacium
1080 2895 1132 2936 ex-

136 2979 274 3049 hiberet.
295 2982 406 3070 Quam
432 2982 567 3074 quidem
592 2985 816 3077 suspicionem
836 2985 902 3052 veri
925 2982 1129 3051 simillimam

135 3092 246 3162 forsan
262 3093 430 3186 judicabis
459 3097 485 3164 si
517 3096 701 3189 perpendes
730 3123 768 3167 ea
795 3123 870 3192 quae
897 3099 1061 3191 Origenes
1088 3097 1129 3165 de

64 3265 66 3269 .
135 3209 327 3277 Abrahamo
353 3211 386 3277 in
411 3208 679 3303 quinto'contra
708 3211 843 3282 Celsum
873 3213 960 3281 libro
984 3215 1126 3307 scripsit.

133 3321 193 3391 Ille
216 3322 352 3416 quidem
382 3325 435 3392 his
465 3326 573 3392 verbis
601 3325 748 3393 declarat
778 3352 943 3420 nusquam
974 3329 1125 3421 gentium

133 3439 196 3504 nisi
217 3439 248 3504 in
264 3438 455 3507 Judaeorum
470 3464 560 3508 sacra
580 3441 745 3533 scriptura
762 3442 944 3535 quidquam
961 3443 1003 3511 de
1021 3444 1127 3511 Abra-

132 3551 232 3620 hamo
273 3567 429 3622 testatum
466 3555 581 3625 haberi
618 3557 752 3626 εεῖπατε
770 3567 862 3650 ἡμῖν,
880 3557 905 3625 ὦ
925 3557 1025 3641 οὗτοι,
1046 3561 1126 3638 τίςὸ

132 3665 286 3770 Ᾰὸραὰμ,
313 3677 364 3744 καὶ
390 3680 519 3757 πηλίκος
549 3687 565 3747 ὁ
597 3667 735 3749 Ῐσαὰκ...
769 3677 826 3749 εἶτ’
847 3681 923 3750 ἐπὰν
952 3682 1127 3773 πυθομένων

128 3797 214 3883 ἡμῶν
235 3783 340 3885 μηδεὶς
357 3796 420 3886 ἔχοι
443 3804 641 3888 παραστῆσαι
668 3796 720 3888 ἀφ’
741 3796 805 3876 σῖας
826 3789 867 3871 δή
888 3824 966 3866 ποτε
987 3798 1122 3890 ἱστορίας

144 3896 512 3978 2E‚„ut
692 3911 1123 3937 ..t»t‹1‚s

128 3929 189 3974 nrt
231 3914 515 3990 taurianensem
536 3905 739 4004 βαρὸαρικης,
755 3939 773 3987 η
794 3938 861 4005 συχι
883 3939 1025 4008 ιστοριας,
1042 3919 1122 3985 atta
