2534 4522
622 279 665 350 ²7

150 408 239 480 rifice
264 424 343 479 sunt
364 409 505 503 scripta,
531 407 653 476 dubito
684 430 764 476 saue
787 430 828 473 an
851 406 932 499 ipse
960 404 1030 473 haec
1064 407 1143 474 scri·

150 527 267 621 psisset
286 551 293 593 :
308 527 397 592 «Est
414 509 523 592 etaiia
538 525 683 616 magices
698 521 799 589 factio
812 545 831 588 a
851 524 997 588 Mosen
1014 525 1142 589 Jamuc

148 671 165 705 «
179 657 212 710 et
230 646 374 735 lotape,
395 637 518 708 Judaeis
537 636 697 732 pendeus,
714 635 770 705 sed
787 633 905 705 muitis
922 632 1070 704 millibus
1082 660 1141 705 au-

146 789 162 822 «
180 780 300 825 uorum
318 769 394 849 post
414 746 635 844 Zoroastrem.
654 783 670 816 >2
700 754 772 823 Nee
795 749 928 819 videtur
951 753 1054 820 Corn.
1076 753 1141 820 Ta·

147 872 246 955 citus,
263 871 314 939 vir
339 871 372 937 iri
396 869 514 963 primis
533 867 697 951 eruditus,
715 865 899 960 quidquam
924 864 965 934 de
986 866 1055 935 hoc
1074 869 1142 962 περὶ

148 975 296 1056 lauricius
312 983 398 1054 libro
419 983 613 1053 rescivisse:
630 1006 705 1050 cum
722 982 809 1050 euim
827 981 868 1048 de
880 980 1003 1050 Judaeis
1018 995 1142 1078 ageret,

150 1104 334 1195 Apioueuc,
359 1096 609 1192 Lysimachum
636 1111 670 1164 et
702 1094 964 1166 Chaeremouem
993 1094 1143 1189 aliosque

113 1213 338 1284 -'fabularum
368 1212 515 1281 artifices
546 1226 699 1294 secutus,
734 1209 864 1279 nulium
893 1211 1033 1278 omnino
1066 1236 1142 1278 ver·

148 1322 229 1398 bum
256 1354 274 1397 a
299 1331 403 1398 Corn.
437 1326 630 1397 Alexandro
659 1340 844 1394 mutuatur.
880 1330 955 1395 Imo
984 1327 1010 1396 si
1038 1328 1139 1396 Corn.

147 1444 284 1512 Tacitus
302 1444 337 1510 in
353 1443 419 1511 hoc
444 1439 531 1510 libro
549 1444 618 1538 περὶ
637 1429 785 1511 lunicius
806 1443 878 1511 haec
901 1443 1141 1536 comperisset:

148 1561 279 1628 Mosem
300 1557 438 1626 numine
453 1555 568 1625 divino
586 1555 736 1625 afflatum
751 1555 873 1642 fuisse;
900 1558 981 1624 item
999 1557 1141 1625 miracu·

151 1672 189 1740 tis
199 1671 351 1742 ¹cluniset
367 1669 483 1739 multis
498 1695 608 1765 regem
624 1669 844 1763 Cherephren
864 1671 910 1738 ita
925 1671 1146 1764 perterruisse

151 1784 323 1853 utJudaeis
341 1809 379 1852 cx
398 1787 538 1878 AEgypto
551 1782 738 1877 emigrandi
750 1781 918 1852 licentiam
938 1778 1043 1872 daret,
1057 1797 1150 1852 anne·
1227 1839 1229 1843 .

149 1899 248 1986 idem,
262 1915 401 1969 caeteros
418 1914 451 1968 et
468 1896 595 1967 nuliius
614 1913 700 1967 uotae
719 1899 899 1992 scriptores
908 1895 1053 1986 secutus,
1067 1925 1143 1968 uar-

151 2015 310 2084 ravisset:
332 2029 434 2082 «orta
451 2039 510 2106 per
527 2017 706 2107 AEgyptum
731 2012 807 2080 tabe
830 2037 904 2106 quae
920 2038 1062 2107 corpora
1084 2011 1146 2082 soei

150 2161 167 2197 «
184 2130 295 2216 daret,
315 2155 428 2225 regem
442 2129 660 2218 Bocchorim,
679 2127 770 2196 adito
785 2129 984 2197 Hammonis
994 2128 1143 2213 oraculo,

149 2278 165 2311 «
183 2248 368 2318 remedium
385 2262 571 2343 petentem,
593 2270 740 2341 purgare
759 2271 901 2341 reguum
924 2261 958 2315 et
984 2247 1017 2315 id
1039 2272 1144 2342 genus

148 2391 166 2426 a
181 2362 357 2431 hominum
384 2377 422 2430 ut
449 2361 592 2430 invisum
610 2360 682 2428 ¹diis
707 2358 788 2428 alias
813 2362 848 2428 in
874 2375 979 2430 terras
1003 2360 1161 2431 avehere,

150 2506 166 2537 a
180 2475 321 2568 jussum.
339 2473 395 2544 Sic
405 2473 630 2567 conquisitum
646 2473 894 2567 collectumque
907 2473 1039 2570 vuigm,
1056 2491 1146 2570 post·

151 2621 167 2654 (ι
184 2615 285 2684 quam
306 2589 409 2658 vastis
427 2587 509 2658 locis
523 2588 678 2658 relictum
695 2591 748 2674 sit,
773 2589 891 2658 ceteris
906 2614 966 2682 per
983 2588 1144 2685 iacrymas

153 2704 415 2799 «torpentibus,
438 2707 574 2790 Mosen,
593 2728 700 2773 uuum
720 2701 894 2790 exsulum,
911 2705 1080 2772 monuisse
1102 2731 1146 2775 uc

150 2849 167 2883 a
184 2844 284 2914 quam
330 2815 482 2888 deorum
505 2819 726 2887 hominumve
764 2842 863 2914 opem
896 2834 1143 2914 exspectarent,

60 2965 63 2969 ⁴
149 2964 165 2997 α
185 2932 346 3029 utrinque
367 2933 507 3021 deserti,
531 2933 587 3003 sed
608 2934 754 3019 sibimet,
768 2949 806 3003 ut
820 2929 905 3018 ¹duci
919 2932 1054 3020 coelesti,
1069 2953 1145 3004 ‘cre‘

150 3079 166 3112 a
187 3048 327 3135 dorent,
354 3049 464 3143 primo
492 3049 590 3141 cujus
614 3047 739 3118 auxilio
768 3048 944 3119 credentes
966 3064 1146 3143 praesentes

147 3193 164 3227 «
180 3164 328 3232 miserias
348 3161 555 3258 pepulissent
573 3163 637 3259 (ι).
657 3194 674 3229 n
722 3219 724 3222 .

197 3273 1155 3375 Illudigiturperspicuumomnesvetercsauctores,prae·.

149 3407 200 3462 ter
214 3393 397 3462 Eusebium
413 3410 444 3462 et
461 3393 611 3464 Flavium
626 3376 822 3488 Josephum,
837 3388 965 3464 nullam
980 3393 1142 3487 librorum

148 3509 217 3602 περὶ
239 3495 386 3578 Ῐουδαίων
398 3509 604 3578 mentionem
626 3503 1143 3579 fecisseautnotitiamhabuisse.

198 3625 259 3692 IV.
299 3627 350 3692 En
385 3649 464 3694 vero
505 3651 590 3695 nova
629 3641 826 3723 argumenta
852 3641 931 3696 sunt
967 3651 1005 3692 cx
1040 3625 1152 3693 Suida*

150 3749 183 3804 ct
209 3738 381 3832 Stephano
405 3743 589 3835 Byzantiuo
613 3740 826 3835 proferenda,
848 3741 972 3834 quibus
994 3740 1086 3809 huno
1102 3738 1154 3809 li·

189 3969 306 4049 (r)Tac.
323 3973 382 4032 His.
401 3979 436 4034 V.
453 3995 477 4032 c.
494 3978 543 4032 111.
