2534 4522
630 183 675 255 80

153 333 288 428 quidem
308 358 329 401 a
346 330 470 401 Judaeis
486 331 555 426 jam
570 331 762 404 affectatam
783 333 882 405 fuisse
899 361 936 407 ex
961 339 1064 406 Corn.
1080 336 1145 405 Ta·

152 449 209 517 citi
230 449 339 517 verbis
360 447 535 517 videmus:
562 477 577 512 a
600 442 701 519 Clara
725 449 781 519 alii
808 450 1002 521 ludaeorum
1026 451 1145 520 initia:

150 561 354 659 «Solymos,
375 563 582 632 carminibus
605 567 743 634 Homeri
774 563 974 636 celebratam
998 580 1149 661 gentem,

153 678 329 749 «conditae
358 678 433 747 urbi
465 677 730 772 Hierosolymam
764 706 889 752 nomen
920 706 1026 750 esuo
1044 668 1149 750 ‘fecis-

151 825 167 860 ιι
185 821 219 863 se
241 793 297 892 (1)
323 793 418 864 »Illa
442 818 521 862 vero
542 788 668 880 Σόλυμα
691 810 788 865 aetate
811 794 948 865 Choerili
972 794 1065 865 nulla
1084 794 1148 865 alia

153 910 290 979 fuerunt
308 924 428 1004 praeter
444 924 605 979 montana
624 909 777 1003 quaedam
791 910 921 981 Pisidiae
936 911 979 980 ab
998 915 1149 980 Homero

154 1024 298 1110 laudata,
316 1038 353 1093 ut
372 1025 442 1118 ipse
462 1022 659 1118 Apollonius
679 1021 853 1094 adnotavit
869 1026 902 1093 in
921 1029 1000 1095 Lex.
1017 1028 1121 1095 Hom.
1141 1050 1149 1093 τ
1171 1047 1176 1051 ·

152 1144 308 1234 Σόλυμοι,
331 1143 413 1221 ἔθνος
440 1136 638 1236 βαρόαρικόν·
669 1135 794 1210 ἔστιδὲ
824 1144 876 1210 καὶ
904 1142 984 1210 κατὰ
1002 1134 1150 1211 Πισιδίαν

152 1249 221 1343 ὅρη,
239 1250 364 1342 Eulepa
381 1250 564 1342 καλούμενα.
586 1255 689 1345 Quod
724 1257 823 1325 etiam
854 1260 919 1324 hoc
951 1256 1052 1325 modo
1079 1260 1152 1326 Ste-

154 1373 285 1465 phanus
298 1371 502 1464 Byzantinus
515 1369 727 1439 confirmavit
736 1371 789 1466 (a)
798 1397 806 1439 :
815 1365 843 1431 οἱ
856 1357 985 1432 Πισίδαι
999 1369 1150 1460 πρότερον

153 1481 297 1573 Σόλυμοι·
320 1484 431 1555 Multo
456 1501 550 1580 post,
569 1486 660 1579 quod
685 1485 925 1581 Hierosolyma
957 1510 1083 1555 nomen
1109 1512 1151 1554 ex

154 1601 279 1697 templo
308 1615 343 1669 et
377 1617 476 1696 gente
510 1600 723 1697 Solymarum
758 1603 983 1697 compositum
1012 1601 1148 1670 Ethnici

153 1717 345 1803 crederent,
376 1717 483 1785 ludaei
504 1715 718 1813 Solymarum
740 1716 1000 1812 appellationem
1019 1716 1148 1785 habue-
1221 1786 1223 1791 ,

155 1846 246 1900 runt.
268 1838 348 1902 Haec
368 1846 480 1900 autem
500 1832 541 1901 de
564 1830 707 1927 Solymis
728 1831 841 1901 fabula
864 1831 935 1901 sola
954 1829 1077 1926 liuguae
1093 1829 1151 1899 he-

153 1948 273 2016 braicae
294 1948 485 2042 ignorantia
514 1938 593 2016 ninia
615 1962 682 2034 est,
706 1964 744 2016 ut
759 1963 847 2017 recte
875 1948 1009 2018 censuit
1032 1949 1150 2016 Brote-

154 2063 224 2129 rins
242 2085 250 2128 :
268 2063 350 2130 urbs
369 2059 553 2130 Jerusalem
573 2061 661 2130 dicta
680 2077 730 2130 est
745 2063 894 2156 primum
912 2061 1057 2131 salem«
1077 2057 1149 2133 uhu

155 2173 223 2242 «id
244 2189 312 2262 est,
329 2199 429 2270 pan,
458 2198 476 2241 a
500 2173 765 2262 Melchisedech,
792 2189 830 2244 ut
855 2173 980 2260 fertur,
1000 2175 1149 2245 conditu.

154 2318 171 2353 a
190 2289 321 2358 Deinde
340 2313 444 2382 quum
463 2289 595 2358 Hebraei
618 2304 723 2358 terras
743 2287 815 2357 illas
834 2303 1065 2384 occupassent,
1089 2315 1147 2385 pa·
1232 2283 1234 2286 ⁵

154 2433 171 2470 «
190 2429 329 2499 nemque
354 2404 399 2471 ihi
429 2402 639 2490 firmassent,
672 2402 837 2499 appellata
869 2419 919 2472 est
951 2404 1149 2474 Jerusalem

155 2551 172 2585 a
191 2517 305 2593 ntum
322 2519 356 2587 id
382 2534 431 2588 est
454 2521 618 2614 possessio
640 2522 741 2614 pacis.
761 2521 848 2589 Urbi
873 2509 1059 2589 Jerusalem
1095 2548 1150 2591 no·

153 2663 170 2698 a
187 2657 262 2702 vam
281 2632 398 2700 urbem
420 2632 501 2701 Sion
525 2631 653 2700 addidit
672 2630 798 2719 David3
823 2647 903 2700 tunc
927 2657 993 2700 nnn
1019 2648 1150 2702 mutato

153 2776 170 2811 a
188 2747 335 2833 nomine,
351 2744 406 2814 sed
424 2747 456 2813 in
476 2743 573 2814 duale
593 2745 727 2828 inflexo,
745 2760 862 2815 vocata
878 2761 927 2814 est
936 2744 1148 2829 Jerusalaim,

130 2926 132 2932 s
153 2862 319 2931 «diversa
343 2859 481 2955 quidem
512 2848 698 2954 scriptura,
724 2860 781 2929 sed
806 2861 922 2930 eadem
950 2863 1146 2956 pronuntia-

155 2981 296 3048 «tione.
321 2977 430 3048 Graeci
453 2991 563 3044 autem
591 3001 707 3045 vocem
734 2976 946 3072 interpretati
970 2989 1049 3045 suut
1065 2963 1148 3070 lepa-

158 3107 178 3148 ‹<
195 3089 332 3179 σι’λυμας
353 3109 386 3161 et
404 3117 507 3185 quum
532 3092 597 3159 vim
615 3091 779 3161 hebraicae
801 3091 924 3188 liuguae
941 3093 1149 3187 ignorarent,

154 3239 171 3275 (ι
192 3210 317 3278 finxere
334 3206 563 3303 Hierosolyma
583 3207 648 3277 dici
666 3209 707 3279 ab
729 3186 802 3296 Ῐερῷ
818 3207 945 3305 templo
965 3221 1000 3276 et
1014 3204 1150 3299 solymis

155 3325 378 3409 «montibus,
400 3320 435 3384 ἐκ
460 3322 599 3410 σολύμων
624 3321 715 3413 ὀρέων
738 3348 884 3417 quorum
907 3322 1059 3392 meminit
1083 3323 1151 3387 Ho-

132 3464 269 3508 tmerus
282 3437 344 3531 (ι).
363 3467 380 3502 u

207 3558 335 3624 Rursus
353 3553 456 3622 tradit
470 3551 638 3621 Choerilus
653 3553 741 3621 hanc
755 3566 888 3645 gentem
907 3576 984 3645 quae
998 3547 1150 3643 Solymos

198 3740 241 3820 (ι)
263 3745 350 3800 Corn.
363 3744 431 3799 Tac.
445 3740 520 3800 Hist.
535 3741 572 3800 V.
586 3760 610 3797 c.
625 3760 658 3796 11.

197 3837 240 3918 (a)
264 3837 366 3915 Steph.
381 3843 448 3914 Byz.
466 3858 493 3894 v.
506 3837 626 3917 Πισίδαι.
643 3837 685 3897 (js.
702 3835 796 3894 Strnh.
810 3836 861 3897 lib.
879 3836 901 3893 1‘.
916 3856 946 3914 p.
963 3835 1009 3894 35.

197 3934 236 4012 (3)
258 3936 340 3992 Brot.
356 3935 509 3989 Excursus.
526 3929 561 3988 ad
581 3929 631 3988 lib.
651 3933 683 3987 V.
700 3930 774 3988 Hist.
790 3929 878 3989 Corn.
894 3931 963 3986 Tac.
