2534 4522
650 223 697 294 23

222 372 310 468 tric
343 387 454 441 autern
499 399 609 468 operae
652 373 796 468 pretium
828 382 878 435 est
902 366 1082 454 vnonnulla,
1129 398 1170 442 ex

177 480 252 581 linc
275 483 361 583 libro
392 484 523 555 adferre
554 489 653 582 quasi
687 484 753 554 litis
784 481 1025 566 instrumenta,
1048 483 1169 575 quibus

178 601 309 698 liquido
339 620 498 698 appareat
517 620 638 673 utrum
660 604 703 671 sit
720 625 807 696 opus
829 599 897 693 περὶ
919 587 1065 685 laudaiae
1087 604 1171 671 Cor-

178 714 268 809 nelio
299 715 492 789 Alexandro
521 743 564 786 an
591 714 707 787 Judaeo
732 714 867 784 cuidam
896 707 1169 784 ¹adscribendum.

177 833 226 898 Ac
248 831 397 925 primum
429 833 565 901 interest
584 831 693 901 locum
713 827 892 924 quemdam
907 827 948 897 de
966 829 1187 914 abrahama.

175 970 277 1037 quem
296 946 434 1038 quidem
454 947 620 1017 Eusebius
638 971 673 1014 se
692 943 812 1014 vidisse
833 945 867 1012 in
889 941 976 1013 libro
1009 949 1077 1038 περὶ
1105 932 1170 1015 lau-

125 1135 127 1139 ,
174 1053 271 1130 δαίων
288 1060 448 1148 affirmat,
463 1061 729 1157 proponerelrlz

226 1205 243 1239 α
264 1180 343 1244 Haec
360 1175 563 1271 Polyhistor,
577 1177 646 1269 qui,
666 1173 839 1244 nonnullis
851 1173 1044 1266 interjectis,
1058 1198 1173 1242 rursus

176 1321 192 1353 κ
212 1292 258 1360 ita
282 1293 419 1362 subdit:
442 1292 640 1388 paulopost
655 1294 787 1386 jussum
807 1293 918 1360 aDeo
939 1289 1171 1360 Abrahamum

175 1435 194 1470 ιι
213 1405 313 1476 luisse
341 1408 401 1492 ait,
421 1423 459 1477 ut
481 1412 631 1478 lsaacum
654 1407 762 1475 filium
786 1405 849 1500 ipsi
878 1406 913 1472 in
935 1403 1169 1474 holocaustum

167 1549 194 1607 ,α
217 1519 418 1609 immolaret,
437 1523 765 1615 eumquecontinuo
780 1517 991 1597 adolescente
1007 1544 1118 1588 secum
1136 1523 1170 1590 in

174 1663 192 1699 e
211 1651 357 1704 montem
386 1635 520 1723 educto,
552 1635 764 1705 succendisse
788 1658 924 1728 pyram,
945 1632 1044 1726 eique
1073 1633 1171 1703 simul

101 1842 105 1849 Ι
177 1778 194 1811 ιι
213 1753 363 1820 Isaaeum
384 1752 593 1845 imposuisse.
621 1753 748 1820 Verum
776 1750 853 1842 ipsi,
871 1773 948 1817 cum
969 1747 1107 1842 jamjam
1136 1748 1174 1816 fi·

175 1896 193 1929 «
214 1865 294 1934 lium
309 1865 530 1960 jugulaturus
544 1865 706 1953 esset‚ab
721 1863 841 1957 angelo
855 1861 984 1931 lacinus
1001 1863 1174 1932 inhibente

175 1979 350 2047 «arietem
365 1978 408 2046 ad
427 1979 627 2048 sacrificium
641 1977 794 2047 oblatum
808 2002 890 2062 esse,
905 2001 1004 2070 quem
1026 1976 1080 2045 ille
1097 1980 1175 2047 sub·

177 2122 194 2157 «
215 2092 317 2161 ducto
336 2117 426 2186 pyrae
449 2093 520 2161 filio
541 2092 713 2162 mactavit.
728 2099 906 2163 »Τοσαῦτα
928 2099 944 2161 ὁ
974 2091 1172 2188 Πολυΐστωρ·

165 2207 221 2290 ,οἷς
237 2210 304 2302 μεθ’
325 2212 413 2302 ἕτερα
436 2214 568 2304 ἐπιφέρει
592 2213 710 2303 λέγ’ων·
733 2213 798 2302 μετ’
822 2215 855 2277 οὐ
884 2211 980 2278 πολὺν
1008 2201 1043 2276 δὲ
1067 2213 1173 2304 χρόνον

176 2326 228 2393 τὸν
248 2325 326 2391 Θεὸν
344 2333 390 2412 τῷ
409 2313 545 2418 Ᾰὸραὰρι
563 2319 748 2418 προστάξαι,
765 2314 862 2394 leuda
884 2325 936 2393 τὸν
960 2325 1020 2391 υἱὸν
1045 2331 1175 2414 ὁλοκαρ-

176 2449 280 2506 σῶσαι
302 2443 396 2527 αὐτῷ.
416 2441 477 2507 Τὸν
499 2431 534 2507 δὲ
549 2439 747 2533 ἀναγαγόντα
765 2441 819 2506 τὸν
841 2432 941 2507 παῖδα
959 2440 1010 2507 ἐπὶ
1033 2442 1071 2508 τὸ
1093 2442 1172 2536 ὅρος,

176 2552 273 2646 πυρὰν
290 2564 390 2638 νῆσαι,
407 2553 458 2622 καὶ
472 2554 616 2630 ἐπιθεῖναι
636 2556 688 2622 τὸν
712 2540 818 2636 luceia.
842 2549 970 2645 Σριὶξειν
991 2547 1026 2621 δὲ
1045 2559 1174 2644 με’λλσν-

176 2693 233 2752 τα,
251 2671 422 2745 κωλυθῆναι
438 2671 497 2738 ὑπὸ
513 2660 674 2764 dardano,
701 2672 784 2764 κριὸν
811 2673 896 2758 αὐτῷ
921 2668 996 2763 πρὸς
1022 2675 1077 2745 τὴν
1104 2673 1175 2765 καίρ-

175 2809 273 2851 πωσιν
296 2790 554 2879 παραστήσαντσς
571 2811 578 2825 ·
598 2783 647 2855 τὸν,
674 2777 709 2854 δὲ
731 2775 884 2878 Ᾰὸρασὶρι,
911 2787 964 2852 τὸν
995 2786 1049 2877 μὲν
1073 2778 1173 2854 παῖδα

174 2899 308 2966 καθελεῖν
328 2901 389 2969 ἀπὸ
407 2911 463 2979 τῆς
485 2907 599 2995 πυρᾶς,
620 2902 673 2968 τὸν
694 2893 729 2968 δὲ
747 2902 828 2993 κριὸν
846 2911 1018 2994 καρπῶσαι.
1047 2896 1176 2969 Credat
1198 2958 1203 2968 .

172 3010 320 3082 Jadoeas
350 3012 482 3108 Apella
513 3014 621 3084 liaeca
645 3013 762 3083 Judaeo
793 3013 939 3108 quadarn
970 3038 1038 3081 nou
1070 3005 1172 3083 fuisse

175 3125 341 3214 conficta3
373 3129 448 3222 quis
478 3129 568 3197 enim
607 3144 675 3197 tam
704 3130 859 3224 religiose
887 3144 919 3197 et
946 3143 1102 3196 accurate
1131 3130 1173 3198 de

175 3242 366 3310 Abraharno
380 3243 515 3332 dixerit,
528 3239 601 3312 vnisi
629 3246 777 3313 Mosaica
804 3242 876 3338 lege
893 3244 1055 3327 imbutus,
1081 3245 1172 3314 nude

175 3355 324 3425 hauserit
347 3362 400 3446 σὸν
428 3363 505 3431 Θεὸν
531 3369 575 3449 τῷ
601 3351 735 3454 Ᾰὸραὰρ,
768 3357 958 3456 raucedine?
987 3360 1073 3448 Quis
1106 3341 1171 3429 vnisi

172 3471 308 3541 Judaeus
340 3472 391 3540 his
419 3474 526 3542 verbis
555 3474 721 3543 addiderit
748 3474 976 3543 Abrahamum
1001 3477 1172 3550 κωλυθῆναι

173 3589 234 3656 ὑπὸ
254 3600 310 3656 τοῦ
331 3581 481 3684 Ᾰγγελαυ.
1127 3594 1131 3602 ’

225 3695 355 3763 Rursus
378 3693 568 3765 Alexander
585 3697 774 3792 Polyhistor
794 3695 1019 3791 Eupolemnm
1037 3710 1170 3765 secutus

215 3985 257 4065 (1)
278 3992 346 4047 Ens.
360 3991 452 4068 Praep.
465 3987 514 4048 lib.
532 3993 583 4050 lX.
598 4009 623 4049 c.
636 4010 699 4051 xix.
