2534 4522
580 182 602 252 8

94 341 194 420 utque
218 342 329 397 metus'
352 343 424 397 erat
449 355 492 398 ue
511 354 627 425 poeuas
647 357 711 425 pro
731 333 938 428 impudentia
959 339 1083 431 pende-

92 446 156 519 ret,
166 432 333 504 Bacchum
350 435 385 504 iu
409 438 576 533 βατράχοις
595 453 786 534 opportune
797 431 1003 532 recdrdatus‚
1024 470 1084 515 uo-

93 573 173 618 vum
201 549 271 644 ipse
294 576 429 646 quoque
448 553 630 624 Xanthiam
652 554 781 625 invenit
808 557 867 652 qui
891 555 1001 628 alieno
1022 586 1084 656 pro
1144 558 1149 571 '

93 663 233 734 crimine
250 665 434 760 vapularet.

130 782 221 865 „Haec
248 805 323 849 sum
347 781 503 876 praefatus
534 798 571 852 ut
600 808 716 853 omnes
745 785 951 878 praevideant
982 813 1083 882 quam

92 917 227 963 causam
245 894 279 964 in
294 896 350 990 jus
370 923 488 967 vocare
500 897 714 986 instituerim,
731 913 764 967 et
777 899 846 993 jam
869 918 1029 997 appareat
1048 904 1081 971 iu

93 1033 161 1103 quo
178 1034 321 1105 operum
334 1013 585 1108 ordineponere
594 1014 796 1099 censuerim,
807 1041 893 1109 quos
906 1016 976 1110 jam
991 1043 1085 1087 excu-

94 1124 226 1196 tiendos
240 1129 413 1222 proposui,
432 1127 535 1199 libros
549 1130 687 1225 Josephi
708 1129 811 1224 vulgo
831 1147 955 1203 contra
972 1136 1081 1228 Apro-

93 1230 176 1310 nem
190 1241 384 1337 inscriptos.
399 1247 487 1316 Cum
503 1244 575 1338 jam
592 1243 689 1313 multi
705 1245 746 1313 de
759 1243 865 1314 Flavii
882 1248 1086 1318 auctoritate
1108 1272 1111 1279 ·

40 1286 70 1503 Ι
94 1370 264 1426 exstarent
287 1359 532 1447 commentarii,
560 1345 657 1543 nula
676 1374 789 1430 autem
808 1359 860 1429 de·
876 1359 943 1430 fide
959 1364 1032 1456 ejus
1051 1365 1087 1432 iu

41 1515 44 1523 -
95 1471 290 1541 auctoribus
309 1473 465 1560 citandis,
483 1472 526 1542 ad
545 1499 620 1569 quae
651 1474 765 1545 ionem
782 1475 869 1544 banc
886 1476 1087 1546 movendam

96 1585 384 1681 tractandumque,
405 1587 554 1658 animum
568 1587 694 1683 appuli..

568 1970 618 2048 ll.

99 2184 167 2251 Quo
175 2188 307 2254 tempore
314 2187 344 2234 et
355 2194 412 2254 qua
425 2175 540 2233 ratione
553 2174 662 2234 librum
676 2188 779 2235 curura
792 2177 937 2255 apionem
945 2177 1096 2254 scripserit

452 2273 571 2332 Flavius
585 2273 741 2354 Josephus.

149 2483 195 2550 Ut
212 2506 231 2549 u
253 2481 369 2574 primis
391 2481 538 2569 initium,
558 2495 695 2550 auctore
718 2477 897 2550 Aristotele
913 2478 977 2576 (r),
996 2480 1097 2548 facia-

100 2621 193 2683 mus,
214 2594 288 2664 libri
307 2595 426 2666 titulus
441 2596 498 2691 qui
521 2593 622 2689 vulgo
642 2611 763 2665 contra
788 2596 962 2689 Apt‘onrm
979 2594 1095 2663 inscri-

102 2711 207 2797 bitur,
221 2711 353 2781 videtur
371 2710 586 2780 librariorum
604 2709 687 2779 vitio
705 2724 740 2778 et
753 2711 975 2802 interpretum
997 2707 1095 2802 igno-

103 2826 212 2894 rantia
243 2824 347 2895 fuisse
372 2839 570 2921 corruptus,
596 2823 754 2918 quoniam
780 2821 871 2917 apud
894 2835 1020 2892 veteres
1049 2823 1095 2891 ita

102 2948 273 3018 ferebatur
291 2949 472 3044 inscriptus
489 2974 497 3017 ε
513 2951 582 3044 περὶ
612 2961 668 3028 τῆς
698 2959 760 3017 τῶν
787 2934 934 3017 laudatior
967 2949 1096 3041 ἀρχαιό-

104 3092 219 3152 τητος;
237 3055 295 3151 qui
306 3054 427 3125 titulus
446 3055 594 3124 materiae
609 3053 684 3123 libri
706 3054 814 3149 magis
832 3067 882 3122 est
902 3077 1094 3121 accommo-

104 3170 217 3256 datus3
245 3196 334 3258 uam,
353 3195 431 3240 cum
450 3194 661 3265 nequaquam
690 3169 723 3237 in
744 3171 854 3263 primo
864 3166 966 3262 hujus
984 3166 1096 3260 operis

104 3283 191 3354 libro
212 3283 253 3353 de
267 3286 400 3378 Apione
425 3299 563 3379 agatur,
583 3310 651 3353 non
674 3283 770 3352 video
789 3281 1007 3375 quamobrem
1028 3281 1098 3351 Ad·

103 3424 217 3469 versus
235 3424 311 3468 euni
332 3399 463 3493 integra
479 3398 613 3494 losephi
637 3398 822 3491 disputatio
840 3396 1095 3482 inscriberetur3

100 3540 304 3610 quamquam
339 3513 512 3583 fatendum
543 3530 608 3599 est,
639 3537 714 3607 quae
738 3511 862 3607 scripta
892 3512 927 3580 in
963 3512 1097 3582 ludaeos

100 3631 210 3724 Apion
231 3629 338 3700 edidit
358 3645 390 3700 et
415 3630 495 3698 item
513 3654 600 3724 quos
626 3629 745 3698 babuit
772 3632 888 3698 Romae
909 3652 1095 3715 sermones,

143 3806 184 3887 (ι)
205 3805 364 3889 Ἀρξᾶμενοι,
388 3805 574 3889 κατὰφύσιν,
595 3809 700 3890 πρῶτον
725 3807 777 3869 ἀπὸ
800 3811 852 3871 τῶν
869 3804 992 3890 πρώτων.
1013 3813 1094 3868 roei.

101 3901 149 3960 lib.
164 3907 187 3962 1.
199 3925 223 3962 c.
240 3926 262 3962 1.
