2534 4522
610 192 652 292 ὅτ

131 378 147 411 «
167 361 262 442 parte
282 346 381 415 iatius
400 359 448 414 est
477 346 696 439 percussisse,
717 343 945 438 Jacobumque
970 340 1066 410 simui
1085 368 1124 410 eo

131 494 148 529 «ι
165 463 314 531 membro
335 477 576 556 torpescentem
595 444 783 530 claudicare
801 460 940 553 coepisse
959 481 967 527 :
990 483 1058 552 quo
1073 457 1123 527 fa-

132 608 148 644 «
166 593 259 648 etum
285 578 443 672 deinceps
477 593 516 646 ut
541 602 581 647 ex
605 576 789 672 pecudibus
815 574 955 654 femoris
982 597 1122 644 nervum
1194 633 1198 638 .

129 695 355 764 «iudaeorum
378 695 520 789 attingat
543 693 669 788 nemo(
696 692 721 787 ).

179 813 363 900 Quaerere
387 824 576 905 sequnntur
592 810 624 877 in
647 810 762 879 Veteri
777 812 992 884 Testamento
1014 833 1124 901 graeco

128 928 224 1018 juxta
242 927 453 1020 septuaginta
474 927 672 1019 interpretes
693 923 829 1018 legenda
855 938 886 992 et
909 948 985 992 cum
1003 926 1125 992 Deme·

132 1040 188 1108 trii
207 1038 318 1107 verbis
338 1039 568 1108 eonferenda:

184 1145 341 1227 Εποῖηαιεν
361 1156 517 1253 ἅνθρωπος
536 1165 603 1248 μετ’
617 1164 711 1227 αὐτοῦ
728 1165 782 1239 ἕως
801 1158 933 1254 πρωΐ
954 1158 1005 1228 καὶ
1021 1155 1123 1248 ἥψατο

132 1285 194 1343 τοῦ
207 1271 346 1354 πλάτους
368 1286 423 1343 τοῦ
442 1285 537 1369 μηροῦ
560 1278 675 1360 αὐτοῦ,
694 1273 746 1342 καὶ
774 1272 919 1370 decipiente
938 1277 975 1343 τὸ
1003 1277 1122 1348 cinitot

130 1401 188 1459 τοῦ
211 1401 309 1483 μηροῦ
336 1377 472 1459 insted...
499 1391 592 1468 αὐτὸς
617 1381 652 1456 δὲ
676 1383 810 1469 ἐπέσκαζ
888 1392 985 1456 ἕνεκεν
1011 1390 1121 1455 τούτου

131 1508 165 1574 οὐ
186 1508 227 1598 μὴ
248 1506 384 1600 φάγωσιν
400 1507 457 1574 υἱοὶ
478 1491 590 1598 lopardi
611 1506 645 1572 τὸ
664 1515 779 1598 νεῦρον,
798 1503 989 1597 ὂένοίρκησεν
1008 1506 1027 1570 ὅ
1043 1508 1123 1570 ἐστιν

130 1619 180 1687 ἐπὶ
199 1630 253 1687 τοῦ
270 1620 407 1699 πλάτους
427 1631 483 1689 τοῦ
502 1630 619 1714 μηροῦ,
647 1623 702 1699 ἕως
717 1629 773 1698 τῆς
791 1621 905 1712 ἡμέρας
926 1621 1041 1696 ταύτης
1060 1605 1074 1708 (
1097 1603 1124 1703 i·

179 1731 214 1799 Si
227 1730 296 1823 jam
318 1733 411 1826 optio
429 1732 484 1800 hic
505 1733 777 1827 permitteretur,
797 1744 834 1797 ut
857 1731 945 1797 inter
970 1729 1039 1797 haee
1064 1753 1126 1821 pro

130 1845 239 1938 posita
252 1844 320 1913 duo
337 1844 523 1940 fragmenta
543 1845 703 1940 eligeres,
731 1870 805 1938 quae
827 1843 944 1912 Judaeo
967 1842 1127 1911 historico

130 1959 197 2027 sint
211 1959 440 2056 adscribenda,
458 1986 571 2029 noune
581 1975 669 2030 certa
681 1959 748 2028 fide
756 1959 934 2053 judicares,
957 1983 995 2026 ea
1006 1982 1080 2050 quae
1093 1959 1126 2023 in

130 2074 232 2143 saeris
254 2073 373 2143 litteris
395 2075 588 2158 traduntur,
611 2078 767 2145 aGraeco
792 2088 953 2157 auctore,
973 2087 1126 2140 caeterae
1169 2082 1172 2090 '

130 2188 247 2258 tudaeo
271 2189 371 2259 fuisse
393 2191 590 2285 composita.
618 2195 739 2260 Fertur
763 2190 850 2256 enim
877 2188 912 2256 in
934 2188 1024 2255 istis:
1052 2189 1123 2255 ἐπά-

127 2310 212 2373 λαιον
231 2303 387 2400 ἅνθρωπος
409 2313 477 2401 μετ’
497 2313 606 2394 αὐτοῦς
638 2304 728 2399 apud
745 2303 956 2373 Demetrium
989 2315 1126 2369 autem:

132 2418 260 2516 ἄγγελον
284 2433 340 2492 τοῦ
354 2428 433 2492 Θεοῦ
449 2431 630 2493 παλλεῦσαι.

181 2539 232 2608 Ne
258 2552 369 2606 tamen
384 2538 450 2606 tibi
475 2538 601 2633 fingere
626 2536 726 2622 veiis,
750 2537 910 2630 quoniam
940 2535 1013 2603 haec
1034 2533 1129 2602 Scri-

134 2663 240 2744 pturae
268 2676 369 2720 saorae
392 2653 472 2722 satis
503 2667 581 2746 apte
611 2653 776 2746 quadrare
805 2650 977 2735 videntur,
1003 2651 1126 2717 Deme-

132 2764 235 2832 trium
263 2767 297 2834 in
325 2766 502 2836 annalibus
524 2768 720 2840 Judaeorum
745 2765 999 2836 conscribendis
1019 2789 1053 2832 se
1076 2788 1127 2831 sa-

131 2879 279 2973 pientem
294 2897 327 2949 et
342 2883 541 2976 prudentem
555 2884 744 2978 praestitisse
757 2897 789 2950 et
804 2907 916 2950 rerum
932 2879 1010 2948 fidei
1022 2902 1128 2970 usque

130 2993 348 3064 consuluisse.
365 2998 476 3089 Quam
497 2999 691 3092 opinionem
707 2999 735 3066 si
758 3013 951 3092 praesumas,
967 3020 1019 3062 nae
1033 2994 1128 3063 istius

132 3107 224 3175 modi
242 3110 395 3204 scriptori
416 3111 556 3179 nimium
577 3110 1047 3201 favebis.'Qnantumenimex
1062 3105 1127 3175 iltis

130 3246 206 3315 quae
233 3232 413 3319 supersunt
434 3251 472 3296 ea
501 3252 575 3320 quae
599 3227 831 3296 desiderantur
858 3225 1065 3320 perpendere
1095 3238 1128 3291 et

131 3336 276 3406 hominis
295 3355 449 3409 naturam
477 3357 508 3410 et
534 3343 683 3411 animum
714 3342 846 3436 assequi
876 3339 1035 3426 valemus,
1058 3362 1128 3430 pro·
1226 3321 1227 3324 Ἴ

133 3451 260 3544 pius'id
291 3453 331 3521 ad
358 3455 455 3524 fidem
478 3442 555 3526 'esse
571 3456 762 3550 judicamus
785 3457 995 3526 Demetrium
1028 3454 1129 3522 mire--

130 3563 249 3635 biiium
268 3567 380 3637 studio
404 3570 487 3639 fuise
515 3596 692 3641 accensum
720 3586 752 3639 et
779 3569 931 3641 fabulosa
958 3593 1019 3663 pro
1039 3568 1126 3635 veris

172 3820 211 3900 (ι)
233 3825 345 3885 Demet.
359 3823 439 3903 apud
453 3825 596 3903 Polyhist.
614 3827 650 3886 de
671 3833 790 3908 Prepar.
808 3833 916 3906 Evaug.
932 3831 998 3886 Eus.
1020 3830 1052 3884 L
1071 3828 1124 3885 tx.
1189 3879 1192 3883 ,

132 3939 157 3976 c.
171 3921 337 4001 xum-(n)
351 3924 480 3982 Genesis.
496 3946 561 4002 rap.
577 3947 670 4002 xrxu.
814 3916 817 3921 ’
888 3983 889 3986 Ἴ
969 3948 970 3951 “
