2534 4522
593 146 640 233 46

132 303 289 369 Berosum
303 297 406 368 alium
425 321 498 369 esse
510 297 552 366 ab
575 322 628 386 eo,
646 298 687 367 de
707 322 777 394 quo
794 297 969 370 Cornelius
983 298 1129 369 Alexan·

132 416 192 487 der
222 415 426 499 mentionem
445 412 544 483 lecit:
563 414 681 502 immo,
701 415 929 484 commentitia
958 439 1030 484 esse
1050 436 1128 510 quae

132 528 324 624 Polyhistor
331 529 446 614 edidit,
462 529 541 600 hinc
555 528 667 624 colligi
687 529 1022 624 potestquodomnes
1035 544 1130 598 vete-

134 671 186 716 res
207 661 362 716 auctores
384 646 599 714 consentiant
617 645 775 714 cumdem
796 645 837 715 de
863 645 1070 715 astronomia
1094 657 1131 711 et

135 761 177 831 de
190 760 291 831 rebus
304 757 516 854 Babylonicis
526 757 630 828 libros
642 760 880 853 composuisse.

89 886 102 911 ³
184 871 389 939 Contextum
418 890 498 937 vero
525 865 656 938 horum.
677 867 745 963 περὶ
763 864 1057 938 volumumus
1088 861 1131 932 li·

139 984 299 1068 brorum,
324 1006 411 1076 quos
428 997 496 1051 tres
516 1005 659 1052 numero
675 984 819 1052 Berosus
837 980 1026 1075 exscripsit,
1043 979 1135 1049 idem

139 1093 329 1200 Alexander
353 1091 526 1187 explicuit.
557 1094 622 1168 Cui
638 1120 643 1168 J
654 1094 682 1166 si
709 1093 810 1164 fidem
836 1093 1066 1182 adhibeamus,
1097 1093 1136 1163 in

141 1211 251 1304 primo
269 1208 371 1301 hujus
392 1211 506 1302 operis
525 1207 613 1278 libro
637 1209 752 1281 omnia
779 1208 1044 1280 continebantur
1060 1232 1138 1302 quse

143 1325 185 1393 de
203 1324 371 1394 creatione
389 1323 543 1403 omnium
568 1348 681 1395 rerum
717 1324 812 1395 luere
840 1323 973 1393 tradita.
1010 1323 1140 1417 Atqui,
1201 1328 1203 1333 ’

144 1436 317 1512 nonnullis
337 1437 380 1506 de
400 1438 531 1532 origine
552 1437 693 1530 hujusce
718 1437 836 1508 mundi
856 1437 1043 1531 praedictis,
1072 1438 1161 1530 hoe?

146 1569 244 1650 pacto
266 1560 410 1626 Berosus
437 1554 527 1646 apud
557 1551 804 1648 Polyhistorem
830 1579 967 1624 narrare
997 1555 1141 1649 pergit:

146 1699 163 1734 a
182 1667 311 1757 Belum,
330 1670 439 1753 aiunt,
456 1668 566 1738 scissis
585 1669 733 1742 tenebris
753 1684 875 1738 terram
894 1694 914 1738 a
942 1667 1032 1739 coelo
1048 1693 1147 1762 sepu-

147 1815 164 1848 «
185 1784 321 1869 ravisse,
341 1781 548 1877 pulchreque
565 1783 732 1856 mundum
757 1783 990 1879 disposuisse:
1016 1782 1148 1852 belluas

150 1930 167 1965 α
185 1914 297 1971 autem
326 1923 394 1968 non
411 1898 614 1969 sustinentes
642 1898 724 1968 lucis
743 1900 810 1968 vim
831 1899 1036 1968 exanimatas
1054 1924 1150 1989 esse3

152 2045 168 2079 ι(
185 2030 268 2088 tunc
280 2011 412 2101 Belum,
428 2014 488 2107 qui
508 2014 679 2109 regionem
697 2007 873 2101 desertam,
890 2028 1036 2083 attamen
1058 2013 1152 2083 lera-

155 2156 272 2218 «cem,
294 2143 461 2215 cerneret,
484 2129 617 2200 cuidam
637 2155 656 2198 e
681 2130 746 2198 diis
766 2130 981 2223 imperavisse
1012 2144 1050 2198 ut
1071 2123 1153 2197 cum

155 2275 173 2310 a
191 2246 365 2338 sauguine,
383 2245 441 2338 qui
457 2269 475 2314 e
491 2247 673 2338 suocapite
687 2245 834 2313 abscisso
847 2243 1011 2314 deflueret
1026 2261 1156 2314 terram

158 2389 175 2425 o
193 2345 363 2452 subigeret
379 2375 480 2454 atque
500 2352 653 2431 homines
672 2361 825 2456 fingeret,
843 2385 919 2430 cum
934 2361 1055 2430 ceteris
1074 2361 1159 2430 bru-

161 2504 179 2539 «
195 2475 239 2543 tis
255 2489 288 2545 et
306 2462 427 2544 belluis
440 2500 516 2568 quae
538 2476 628 2545 hunc
641 2501 751 2547 aerem
775 2478 844 2569 pati
866 2491 1012 2570 possent.
1035 2473 1157 2545 Belum

162 2589 278 2659 «item
307 2585 420 2657 stellas
442 2603 477 2658 et
499 2587 601 2660 solem
624 2605 657 2658 et
681 2589 796 2658 lunam
815 2604 848 2658 et
871 2590 1021 2683 quinque
1045 2588 1162 2656 sidera

163 2733 181 2768 a
199 2703 347 2774 errantia
361 2702 563 2793 condidisse,
579 2704 661 2788 haec,
677 2703 888 2799 Polyhistore
898 2719 993 2789 teste,
1012 2708 1163 2773 Berosus

166 2849 184 2882 «
205 2820 314 2912 primo
336 2816 423 2888 libro
443 2834 575 2904 narrat3
596 2820 743 2889 secundo
758 2834 872 2890 autem
894 2823 971 2891 item
988 2818 1168 2914 reges'sin-

167 2965 184 2998 «
203 2932 344 3028 gillatim
364 2922 538 3027 perscribit
554 2933 650 3030 (1)»

220 3051 307 3119 Hinc
326 3046 424 3141 plane
442 3049 532 3118 vides
549 3052 583 3117 in
601 3051 710 3143 primo
729 3050 844 3119 Berosi
861 3049 961 3136 libro,
978 3049 1106 3118 nullam
1123 3049 1168 3118 tle

171 3161 375 3232 solemnibus
389 3161 601 3258 Babylonicis
621 3163 882 3259 descriptionem
906 3163 1026 3233 factam
1050 3163 1169 3232 fuisse.

177 3281 284 3347 Nemo
295 3278 382 3346 euim
400 3281 564 3372 potuisset
580 3280 722 3348 fabulari
743 3279 822 3374 (nisi
840 3280 927 3348 idem
943 3278 1072 3348 fabulas
1090 3305 1173 3347 con·

178 3391 313 3461 texendi
330 3409 433 3461 artem
449 3420 467 3462 a
484 3395 631 3488 Josepho
651 3394 818 3489 didicisse)
832 3394 986 3464 homines
1005 3395 1038 3463 in
1059 3393 1173 3463 lucem

179 3520 341 3578 venturos
355 3508 425 3602 jam
442 3509 539 3580 urbes
564 3509 789 3593 aedificavisse,
804 3533 898 3577 sacra
914 3509 1103 3604 perfecisse,
1120 3509 1176 3578 fe·

177 3639 248 3692 stos
274 3622 344 3690 dics
367 3623 484 3717 egisse.
517 3623 744 3691 Conferantur
763 3639 875 3692 autem
896 3650 973 3693 cum
994 3625 1046 3693 his
1068 3612 1178 3696 Corn.
1228 3711 1231 3716 ,

181 3738 363 3807 Alexandri
392 3737 502 3807 verbis
520 3763 594 3831 quae
624 3738 804 3808 Athenaeus
838 3766 857 3807 e
890 3740 1020 3809 decimo
1052 3755 1181 3833 quarto

225 3906 264 3984 (r)
287 3912 350 3965 Vct.
365 3912 470 3984 Script.
486 3907 599 3965 collect.
613 3908 762 3967 Vaticana.
778 3921 796 3965 t.
810 3911 890 3967 VllI.
905 3929 933 3986 p.
954 3929 998 3967 ra.
