2534 4522
551 258 555 268 ,
634 184 677 258 53

616 375 686 478 vr.
770 446 771 450 a

154 586 220 656 Qua
232 599 270 638 ex
279 590 367 657 geute
381 578 494 637 luerint
510 591 539 637 ot
555 597 613 656 qua
634 581 809 639 arroteritate
829 580 962 638 nitantur
982 581 1151 639 Demetrius

197 677 377 756 Eupolemus
391 688 421 735 et
436 675 521 735 Philo
537 678 654 750 senior,
669 697 744 755 quos
759 677 788 734 iu
810 697 964 738 numerum
979 683 1149 736 Graecorum

196 775 374 860 scriptorum
385 778 403 833 J
404 774 533 853 osephus
543 773 694 836 adscribit.

207 935 259 1002 Eu
283 930 429 1024 Josepho
454 929 607 1023 adjutum
636 932 774 1000 veniunt
805 929 923 1016 Philo,
958 932 1151 1001 Demetrius

153 1062 257 1141 atque
275 1042 497 1139 Eupolemus,

299 1202 415 1262 Animas
429 1201 530 1280 quales
544 1221 599 1258 nou
612 1200 787 1261 candidores

294 1305 386 1359 Terra
400 1299 485 1372 tulit,
499 1303 555 1358 etc.
571 1299 623 1380 (a).

202 1437 327 1505 Noster
350 1436 473 1530 igitur,
501 1459 624 1530 magua
644 1433 808 1505 librorum
823 1433 1032 1530 supellectile
1056 1462 1150 1506 corn·

155 1563 295 1643 parata,
332 1548 525 1642 Graecisque
559 1547 728 1616 historicis
760 1545 951 1631 adductis‚*
973 1547 1035 1617 hos
1063 1548 1151 1617 inter

154 1660 314 1758 peculiari
331 1688 388 1731 eos
399 1663 526 1757 accipit
543 1661 775 1732 benevolentia
791 1682 876 1756 quos
886 1663 959 1755 jam
979 1663 1148 1732 nominavi

152 1791 330 1862 auctores,
357 1802 542 1870 eorumque
571 1777 762 1846 testimonia
781 1775 822 1845 ad
841 1773 938 1844 fidem
954 1777 1147 1870 antiquitati

145 1892 347 1964 Judaeorum
355 1889 541 1962 faciendam
553 1892 588 1959 in
599 1891 745 1960 medium
761 1876 914 1986 profert:
932 1894 1147 1962 «Communi

149 2032 371 2096 «consensu,
396 2008 465 2090 ait,
490 2031 605 2075 omnes
628 2006 734 2076 eidem
759 2005 951 2100 antiquitati
972 2005 1146 2103 suffragati

153 2139 273 2192 «sunt.
319 2127 368 2192 Ex
395 2122 517 2216 quibus
543 2110 632 2192 saue
651 2123 844 2192 Demetrius
872 2121 1072 2207 Phalereus,
1114 2140 1147 2193 et
1214 2152 1217 2161 ¹

150 2237 281 2307 «Philo
311 2237 421 2307 senior
449 2253 482 2306 et
508 2235 713 2332 Eupolemus
732 2263 750 2306 a
769 2262 847 2306 vero
869 2239 1008 2333 propius
1031 2235 1146 2308 abfue-

148 2383 165 2415 α
187 2369 268 2421 runt
284 2378 293 2423 :
311 2353 433 2447 quibus
450 2352 563 2442 etiam,
580 2353 607 2419 si
626 2351 709 2445 quid
724 2367 919 2447 peccarunt,
938 2355 1068 2422 veniam
1082 2354 1146 2424 hoc

150 2497 166 2530 α
186 2469 322 2536 nomine
352 2466 431 2534 dare
453 2490 586 2560 aequum
618 2466 736 2560 utique
762 2466 828 2548 sit,
860 2465 950 2560 quod
982 2465 1144 2537 librorum

98 2612 103 2621 ·
148 2609 166 2644 α
186 2597 376 2657 nostrorum
390 2605 524 2654 sensum
537 2581 648 2651 miuus
663 2595 819 2651 accurate
835 2606 955 2675 capere
968 2596 999 2648 et
1015 2584 1144 2676 assequi

148 2698 400 2791 «potuerinta
438 2790 440 2794 y

202 2809 355 2921 Ορέντοι
374 2823 528 2916 Φαληρεὺς
550 2828 723 2916 Δημήτριος
744 2822 916 2905 καὶγΦΐΛων
936 2828 952 2890 ὁ
975 2817 1142 2916 rapaciore-

149 2964 199 3032 ρος
223 2936 275 3004 καὶ
300 2937 503 3030 ΕὐποἋεμος,
527 2941 560 3004 οὐ
588 2937 667 3006 πολὺ
695 2947 749 3016 τῆς
781 2936 922 3018 ἀληθείας
956 2928 1141 3036 διήμαρτον.

147 3049 204 3132 Οἷς
223 3054 458 3147 συγγιγνώσκειν
475 3044 574 3129 ἄξιον·
601 3056 635 3118 οὐ
654 3049 711 3147 γὰρ
733 3056 801 3128 ἐνῆν
817 3057 919 3133 αὐτοῖς
941 3050 1022 3145 μετὰ
1039 3054 1140 3133 ποὶσης
1177 3080 1178 3084 ’

147 3164 299 3260 dupiicia<
319 3174 384 3246 τοῖς
401 3167 558 3259 ἡμετέροις
577 3163 739 3261 γράμμασι
755 3168 995 3262 παρακολουθεῖν
1011 3155 1072 3262 (a)
1092 3177 1096 3187 '

195 3281 295 3350 Nunc
312 3280 433 3348 iterum
451 3279 484 3346 in
511 3293 672 3374 promptu
692 3281 748 3348 est
761 3280 943 3374 Josephum
970 3306 1087 3349 vocare
1106 3283 1140 3350 iu

50 3378 54 3388 ¹
142 3393 217 3486 jus,
253 3394 372 3461 iterum
392 3393 484 3463 hune
503 3419 647 3488 arguere
667 3392 888 3464 fabulatorem
915 3411 948 3464 et
966 3395 1139 3465 mendacia

145 3516 241 3576 nova
265 3507 360 3575 diviti
389 3531 485 3576 veua·
497 3507 637 3592 fudisse,
668 3522 700 3577 ct
732 3534 836 3578 novos
872 3524 1144 3606 commentorum

141 3621 288 3692 artifices
296 3621 492 3692 adduxisse:
507 3625 631 3720 quippe
640 3626 698 3718 qui
720 3627 1060 3695 uomiueGraecorum
1079 3629 1137 3698 Ju-

186 3821 224 3899 (ι)
245 3826 347 3882 Horat.
360 3827 418 3884 Sat.
433 3822 482 3881 lib.
495 3827 517 3882 1.
533 3843 554 3881 s·
570 3828 604 3880 V.

184 3919 226 3998 (a)
239 3921 320 3980 Flav.
334 3926 393 3982 los.
410 3933 488 3981 cont.
507 3921 613 4000 Apion.
628 3926 649 3979 Ι.
667 3942 691 3980 c.
712 3923 758 3983 23,
