2534 4522
140 363 180 433 de
207 369 243 434 Β.
274 364 453 436 Clemente
468 364 696 436 Alexandrino
712 366 779 434 dici
800 355 915 461 ¹potest
934 368 1008 460 qui,
1030 393 1128 462 repu-

139 478 230 548 diato
242 481 379 576 losephi
396 496 430 550 et
454 480 671 577 Polyhistoris
690 481 902 569 testimonio,
924 481 1058 550 Tatiani
1075 507 1133 550 vev.

139 597 244 691 stigiis
267 595 403 685 insistit,
423 594 583 692 nullaque
597 596 683 666 facta
703 596 745 666 de
762 594 927 667 Xisuthro
945 597 1130 683 mentione,

137 714 299 785 duntaxat
319 697 366 784 ¹de
382 715 717 788 Nabuchodonosore
738 741 818 812 rege
840 713 1004 809 disserit(
1030 716 1054 809 )

185 833 258 901 Nee
271 831 383 900 miuus
399 831 595 901 Africanum
615 831 780 900 mirabere
798 832 941 901 maxime
958 829 1130 900 eruditum

139 955 265 1044 virum,
285 955 393 1050 quod,
418 955 474 1024 ubi
498 955 539 1025 de
555 955 889 1025 Nabuchodonosore
907 955 1129 1050 agit,Berosi

138 1071 337 1153 meminerit,
353 1068 479 1139 nullam
494 1095 574 1139 vero
586 1070 725 1164 hujusce
739 1072 943 1140 mentionem
961 1069 1129 1160 habuerit,

137 1210 214 1253 cum
249 1183 462 1279 prolixiorem
488 1184 529 1254 de
549 1183 684 1254 diluviis
702 1185 830 1280 Ogygis
857 1200 890 1253 et
913 1182 1130 1254 Deucalionis

138 1324 327 1368 sermonem
356 1315 512 1370 accurate
541 1300 677 1368 duceret
694 1299 759 1394 (2).
787 1301 873 1388 Quae
898 1323 995 1368 causa
1024 1299 1131 1393 igitur

137 1438 198 1484 cur
211 1414 245 1483 hi
266 1429 432 1497 auctores,
450 1415 673 1510 amplitudine
693 1415 836 1508 quadam
852 1414 1000 1484 scientiae
1018 1412 1128 1482 excel·

137 1529 261 1617 lentes,
286 1545 484 1624 argumenta
506 1529 643 1607 meliora
658 1530 968 1624 praetermitterent,
998 1529 1130 1597 minora

134 1645 356 1715 adhiberent?
370 1645 441 1734 Qui
456 1645 494 1714 fit
510 1660 547 1714 ut
563 1647 633 1739 ipse
648 1645 812 1739 Origenes
823 1660 855 1713 et
868 1647 948 1713 item
962 1641 1127 1737 illequem

133 1784 209 1828 cum
222 1758 376 1828 doctriua
391 1785 459 1828 non
471 1760 631 1829 mediocri
651 1759 849 1847 confutavit,
859 1758 976 1828 Celsus
988 1757 1128 1842 scilieet,

132 1888 309 1968 postquam
329 1875 471 1944 invicem
493 1875 713 1943 instituissent
746 1874 788 1942 de
807 1873 1043 1943 Chaldaeorum
1062 1874 1129 1941 ori·
1190 1861 1196 1867 ”

133 1992 210 2086 gine
222 2005 254 2059 et
272 1988 482 2086 philosophia
502 1991 673 2085 disputare
688 2006 790 2086 atque
805 1990 845 2060 de
856 1989 982 2059 diluvio
996 1987 1129 2062 Noachi

132 2121 165 2175 et
189 2107 403 2176 Deucalionis
423 2106 519 2200 plura
537 2108 721 2193 discutere,
740 2107 879 2176 omnino
902 2105 943 2173 de
961 2105 1131 2174 Xisuthro

131 2236 163 2290 et
182 2226 305 2292 Beroso
323 2223 551 2291 conticescant
569 2220 646 2318 (3)‚?

181 2342 226 2408 Va
254 2341 330 2407 Huc
344 2352 504 2432 praeterea
523 2336 715 2407 addendum
735 2337 828 2432 quod
846 2337 997 2432 quaedam
1019 2335 1131 2404 videa-

133 2476 207 2521 rnus
225 2452 447 2546 repugnantia
467 2477 507 2521 ex
525 2452 643 2521 eodem
662 2467 780 2521 nostro
804 2457 939 2538 Beroso,
955 2449 1020 2519 alia
1039 2436 1130 2544 apud

131 2566 313 2661 losephum
344 2581 378 2636 et
410 2566 637 2636 Alexandrum
658 2566 928 2662 Polyhistorem,
949 2564 1014 2636 alia
1035 2566 1133 2660 apud

132 2683 252 2754 Caium
280 2680 428 2751 Plinium
459 2683 653 2754 Secundum
686 2682 840 2777 proferri.
885 2685 1009 2752 Narrat
1036 2685 1131 2749 Jose-

135 2798 223 2891 plius
242 2799 369 2892 primos
393 2798 549 2868 homines
574 2796 802 2892 longissimam
833 2799 933 2866 vitam
955 2822 1060 2890 usque
1086 2797 1130 2865 ad

131 2927 306 2983 sexcentos
326 2938 433 2982 annos
454 2912 651 3007 produxisse
674 2927 709 2980 et
734 2912 803 2981 haec
831 2913 947 2981 eadem
979 2910 1129 2980 declarat

137 3055 155 3095 a
181 3031 306 3098 Beroso
332 3027 526 3097 confirmari
549 3053 557 3096 ε
577 3058 593 3092 «
613 3042 684 3096 tum
711 3043 850 3122 propter
874 3028 1020 3096 studium
1060 3029 1128 3094 vir·

135 3173 151 3206 a
172 3144 263 3232 tutis,
278 3145 336 3231 ait,
355 3160 428 3213 tum
447 3159 586 3239 propter
606 3147 853 3214 accurationem
872 3143 1077 3238 Astrologiae
1094 3159 1129 3212 et

131 3289 147 3322 a
167 3259 379 3345 Geometriae,
397 3284 481 3353 quas
496 3261 558 3353 ipsi
570 3274 658 3329 artes
674 3261 886 3346 invenerant,
901 3283 998 3327 usum
1018 3274 1051 3327 ct
1068 3286 1129 3327 ex-

130 3405 147 3436 «
170 3372 381 3468 perientimn,
404 3376 499 3443 Deus
520 3373 584 3444 illis
602 3373 818 3469 prolixiorem
838 3372 980 3466 largitus
1003 3388 1052 3442 est
1078 3375 1128 3441 vi-

130 3518 146 3553 «
170 3503 248 3558 tam.
270 3487 407 3581 Quippe
429 3489 488 3580 qui
509 3489 573 3557 nisi
594 3489 636 3557 ad
651 3502 823 3557 sexcentos
845 3514 951 3557 annos
971 3488 1126 3580 (totidem

173 3743 212 3822 (ι)
234 3749 264 3802 Β.
279 3745 368 3803 Clem.
384 3745 466 3803 Alex.
479 3750 502 3804 1.
515 3750 623 3803 Strom.
637 3765 665 3822 p.
686 3745 752 3821 391.
765 3745 811 3803 ed.
825 3751 918 3804 Oxou.

171 3839 212 3919 (a)
233 3840 319 3898 Afric.
335 3841 445 3901 Chron.
458 3841 488 3899 in
505 3841 816 3900 net.Sac.1t0uth.11.
838 3862 866 3920 p.
884 3841 1026 3898 158-161.

171 3937 213 4017 (3)
236 3939 413 4017 01·ig.Cont.
430 3940 502 3999 Cels.
518 3944 568 3999 lV.
583 3960 610 4000 c.
628 3960 673 3998 xa.
688 3945 738 4000 vt.
752 3963 777 3998 c.
794 3941 842 3999 26.
