2534 4522
604 193 650 266 68

137 338 315 409 Alexandri
336 361 561 406 successorum
582 353 679 406 aetate.
698 334 878 409 floruisse:
899 342 1004 436 γέγονε
1026 331 1061 408 δὲ
1079 331 1129 408 ἐπὶ

134 469 195 527 τῶν
215 448 372 549 διαδόχων
392 453 456 549 (ι),
476 453 577 522 Unde
597 453 736 542 fortasse
760 454 874 522 inferri
894 469 1006 550 potest
1023 457 1129 522 Heca·

135 586 232 639 taeum
244 567 1130 663 Alexandroregnantenatumsutholemaeorumim·

134 686 227 779 perio
236 685 338 752 vitam
354 682 559 777 produxisse.
574 684 639 752 Hic
653 683 841 777 igiturcum
854 683 895 751 ad
907 681 1128 777 philosophiae

134 800 244 868 studia
268 799 417 867 animum
437 798 611 881 erexisset,
629 799 904 893 Pyrrhonemque
927 799 1129 892 magistrum

133 912 372 1010 habuisset(a)‚
386 913 525 1007 vestigia
542 927 692 982 veterum
704 911 982 1007 philosophorum
996 929 1129 983 secutus

132 1029 264 1100 Thebas
284 1027 451 1123 profectus
473 1041 522 1095 est
548 1041 587 1095 ut
609 1041 697 1095 artes
724 1028 936 1121 AEgyptiacas
953 1028 1075 1097 viseret
1097 1043 1130 1097 et

133 1147 293 1215 memoria
315 1145 475 1214 edisceret
491 1143 555 1238 (3).
575 1143 658 1212 Inde
684 1141 806 1211 librum
824 1143 865 1211 de
891 1147 1128 1242 AEgyptiorum

133 1258 344 1355 philosophia
367 1259 564 1351 conscripsit
580 1257 634 1352 (d)
661 1282 717 1344 ac,
744 1257 771 1324 si
799 1258 952 1329 Diodoro
977 1259 1059 1328 fides
1077 1260 1130 1356 (5)

134 1400 185 1443 res
214 1374 425 1468 AEgyptiacas
455 1371 573 1440 ordine
608 1369 772 1465 exposuit.
796 1371 847 1440 Ad
868 1372 1022 1442 eumdem
1046 1399 1131 1467 quo·

132 1523 197 1592 que
240 1495 398 1564 videntur
443 1495 611 1589 pertinere
650 1494 726 1565 libri
748 1501 817 1594 περὶ
836 1508 898 1567 τῶν
920 1483 1129 1596 Ῠπερέορείων

134 1637 277 1708 quorum
299 1612 505 1680 mentionem
528 1610 680 1681 fecerunt
703 1612 853 1684 AElianus
879 1628 912 1680 et
937 1613 1131 1707 Stephanus

132 1729 336 1824 Byzantinus
363 1725 426 1820 (6).
462 1730 625 1795 Praeterea
664 1753 742 1798 cum
792 1732 967 1796 Hecataeus
1005 1729 1132 1798 criticis

132 1857 165 1912 et
182 1842 409 1937 grammaticis
426 1866 562 1934 quoque
576 1847 789 1914 annumerari
811 1840 928 1926 vellet,
947 1845 1081 1938 scripsit
1093 1860 1130 1913 ut

134 1967 253 2037 Suidas
267 1965 463 2050 annotavit,
479 1967 547 2061 περὶ
569 1979 624 2047 τῆς
643 1974 791 2050 ποιήσεως
810 1957 937 2064 Optn'pou
960 1968 1012 2038 καὶ
1034 1957 1130 2039 Hord-

133 2086 221 2186 duu(
246 2089 269 2186 ).

181 2203 394 2293 3.Qu0uiam
404 2227 482 2270 vero
496 2202 727 2272 hiclocusnon
741 2221 791 2274 est
801 2205 842 2273 de
856 2205 1131 2300 hisoperibusin-

133 2317 302 2417 quireudi‚
311 2318 381 2411 jam
403 2316 490 2385 adeo
503 2342 577 2411 quae
594 2319 758 2412 Josephus
773 2319 940 2390 Abderitae
952 2320 1129 2414 adscripsit

135 2451 167 2504 et
187 2434 229 2504 ad
249 2447 380 2528 gentem
404 2431 572 2524 judaicam
598 2432 830 2503 celebrandam
854 2436 941 2504 libro
975 2436 1128 2505 inseruit.

134 2555 173 2620 In
196 2549 305 2644 primo
324 2547 427 2642 igitur
446 2547 695 2641 Antiquitatum
716 2546 803 2617 libro
814 2548 948 2618 Flavius
962 2550 1130 2643 Josephus

134 2672 327 2737 Hecataeum
352 2660 548 2731 Abderitam
567 2661 712 2731 affirmat
739 2664 780 2732 de
806 2665 1000 2733 Abrahamo
1025 2666 1130 2759 scrip·

134 2781 213 2849 sisse
231 2803 239 2848 τ
259 2769 416 2858 Ἑκαταῖος
448 2770 483 2846 δὲ
517 2779 569 2847 καὶ
594 2789 651 2847 τοῦ
684 2780 851 2872 μνησθῆναι
883 2782 987 2850 πλεῖόν
1021 2809 1052 2850 τι
1077 2806 1132 2849 πε·

136 2896 264 2972 ποίηκε·
299 2891 415 2983 bibitor
455 2890 513 2989 γὰρ
539 2895 608 2988 περὶ
645 2899 741 2964 αὑτοῦ
778 2891 1003 2990 συνταξάμενος
1038 2901 1132 2965 κατέ-

132 3019 203 3081 λιπε
226 3007 291 3106 (8).
317 3012 526 3076 «Hecataeus
552 3033 619 3076 non
652 3010 834 3079 Abrahami
864 3025 994 3079 tautum
1021 3010 1132 3080 obiter
1167 3088 1170 3092 ,

176 3241 218 3325 (ι)
231 3243 337 3304 Suidas
352 3264 359 3303 ε
372 3236 429 3300 sub'
444 3262 515 3301 voce
529 3239 671 3309 Ἑκαταῖος
683 3241 847 3324 Ἇόδηρίτης.

174 3341 216 3422 (a)
238 3341 324 3418 Diog.
339 3344 437 3399 Laert.
451 3344 506 3399 IX.
522 3341 569 3417 69.
581 3375 619 3384 -
634 3339 675 3418 (3)
689 3339 779 3399 Diod.
796 3344 820 3398 1.
834 3350 880 3412 47.

175 3440 215 3518 (t.)
237 3439 324 3514 Diog.
341 3441 439 3495 Laert.
452 3441 603 3509 Prooem.§
623 3456 667 3493 10.
680 3468 718 3481 —
735 3434 776 3514 (5)
790 3435 878 3496 Diod.
891 3441 914 3494 1.
930 3445 977 3509 47.

175 3537 211 3615 (6)
230 3535 335 3595 AElian.
351 3534 418 3593 hist.
433 3539 487 3593 xl.
500 3538 524 3593 1.
534 3564 575 3579 ·-
586 3533 691 3611 Steph.
704 3537 773 3609 Byz.
788 3553 815 3591 v.
828 3531 947 3602 Ἐλίξοια
966 3545 995 3590 et
1008 3533 1128 3616 Καραμ-

133 3633 305 3711 &daun-(7)
321 3631 425 3691 Suidas
443 3630 498 3689 sub
515 3650 586 3689 voce
605 3627 747 3696 Ἑκαταῖος
767 3633 790 3690 ὁ.
804 3628 875 3689 Ἇόδ.
896 3631 941 3690 Cf.
953 3630 1074 3689 Vossius
1093 3629 1133 3689 de

132 3731 280 3790 historicis
290 3729 398 3808 graecis.
413 3749 441 3806 p.
464 3727 507 3798 15,
524 3746 570 3799 17,
585 3727 632 3800 46,
645 3726 691 3785 86.
709 3726 779 3786 edit.
791 3729 1132 3787 Westermanu.-Sca·

64 3895 66 3899 y
131 3829 214 3905 liger.
236 3824 368 3903 Append.
387 3824 422 3880 de
435 3823 645 3880 Emendatione
661 3836 832 3901 temporum.

172 3922 213 3992 (8)
234 3929 294 3982 Jos.
311 3929 378 3980 Ant.
395 3925 416 3978 1.
434 3941 460 3992 7.
477 3940 507 3976 α.
