2534 4522
681 197 727 268 30

204 349 252 418 ait
266 346 425 434 Fiaccus,
436 348 482 418 sie
498 349 662 418 rursusin
674 348 781 418 iucem
799 361 1030 443 erumpentem
1047 339 1198 416 videmus

204 461 292 530 banc
309 486 428 531 vanam
445 462 638 533 iudaeorum
657 463 875 533 ambitionem
897 486 965 556 qua
986 487 1056 530 sese
1074 461 1200 556 praedi·

202 576 338 690 cabant·
359 575 510 678 gentium
539 577 691 647 omnium
717 579 854 672 stirpem
873 601 965 664 esse,
999 590 1101 670 atque
1122 574 1198 644 orbi

205 704 370 766 terrarum
387 688 475 784 leges
493 705 525 759 et
535 716 646 761 rerum
655 691 843 761 rudimenta
862 689 1046 759 tradidisse.
1054 691 1125 760 Nec
1135 687 1199 756 du·

206 806 300 874 bium
314 805 397 900 quin
409 806 574 900 Josephus
586 832 742 901 exopere
758 808 827 902 περὶ
846 796 993 878 intutas
1015 804 1085 873 haec
1104 828 1199 873 com-

206 935 319 990 menta
344 921 557 1014 excerpserit.
588 923 742 1016 Namque
757 920 945 1010 Eusebius,
969 921 1029 1014 qui
1047 917 1198 989 Pseudo·

206 1031 388 1103 Alexandri
407 1033 532 1115 librum
552 1036 587 1103 in
603 1035 760 1104 manibus
777 1034 929 1129 baberet,
951 1049 985 1103 et
999 1033 1078 1102 inde
1098 1031 1196 1127 plura

207 1148 435 1238 describeret,
474 1150 562 1219 idem
580 1150 710 1221 addidit
742 1149 792 1220 Fi.
821 1150 1007 1245 Josepbum
1046 1147 1199 1242 ejusdem

207 1263 388 1336 Alexandri
410 1264 629 1360 Polyhistoris
653 1269 689 1335 in
708 1267 819 1361 primo
838 1266 1090 1360 Antiquitatum
1111 1260 1200 1331 libro
1228 1300 1230 1303 ·

163 1371 165 1374 ’
208 1381 416 1462 mentionem
432 1381 576 1452 fecisse:
603 1394 709 1453 ταῦτα
730 1385 784 1478 μὲν
811 1378 850 1460 δὴ
868 1385 930 1453 ἀπὸ
949 1393 1004 1461 τῆς
1023 1385 1201 1476 προειρημέ-

207 1523 260 1577 νης
284 1508 341 1566 τοῦ
359 1497 568 1594 Πολυΐστορος
597 1511 734 1595 γραφῆς·
760 1499 813 1568 καὶ
837 1506 854 1567 ὁ
877 1485 1017 1575 Ῐώσηπος
1042 1490 1079 1564 ’δὲ
1104 1498 1134 1563 ἐν
1159 1507 1200 1591 τῇ

154 1698 157 1703 Ι
203 1616 307 1708 πρώτῃ
325 1624 380 1693 τῆς
394 1605 617 1709 Ᾰρχαιολογίας
633 1625 689 1683 τοῦ
707 1618 800 1683 αὐτοῦ
815 1602 1020 1708 μνημονεύει(
1046 1601 1073 1706 ).

252 1726 337 1795 Inde
347 1752 409 1820 pro
429 1742 524 1797 certo
539 1744 593 1798 est
608 1728 700 1798 hunc
713 1727 836 1797 librum
855 1727 1007 1823 spurium
1028 1740 1062 1794 et
1076 1747 1195 1820 perpe-

204 1865 275 1911 ram
283 1843 386 1912 Corn.
394 1840 585 1912 Alexandro
597 1843 803 1939 adscriptum
817 1857 918 1938 atque
932 1842 1087 1913 eumdem
1105 1845 1202 1910 Jose·

124 2027 127 2031 .
204 1956 273 2051 pho
288 1952 530 2029 notum'fuisse.
540 1962 638 2031 Nunc
651 1985 792 2056 pergere
805 1960 882 2031 licet
894 1960 938 2030 ad
951 1972 1099 2028 caeteros.
1121 1999 1126 2005 ν
1241 2049 1243 2052 p

667 2129 731 2142 Q

684 2278 732 2369 V.

289 2469 351 2533 'An
366 2470 493 2551 genuina
509 2471 568 2530 sint
587 2481 653 2550 quae
666 2475 776 2548 Beroso
787 2470 935 2550 Jusepbus
954 2469 1104 2561 adscribit.

296 2630 452 2694 Quicumque
463 2631 527 2695 turpi
540 2629 624 2680 fraude
636 2630 710 2680 semet
723 2629 830 2688 innotuit

297 2710 395 2760 Etiamsi
404 2722 491 2760 verum
501 2709 561 2759 dicit
571 2709 666 2760 emittit
677 2708 767 2771 fidem(
783 2709 801 2768 ).

252 2828 314 2898 His
327 2827 437 2897 verbis
450 2815 617 2923 sapienter
628 2842 742 2897 monet
752 2827 912 2896 Pbaedrus
926 2843 1200 2921 utcaveaswquem

206 2943 306 3012 semel
318 2945 533 3012 mentientem
554 2940 812 3038 deprehenderis
828 2958 861 3012 et
880 2968 923 3012 ne
939 2969 1054 3012 rursus
1062 2945 1203 3036 impune

207 3075 240 3129 te
255 3059 552 3154 decipiatarreetus
564 3059 822 3154 circumspicias.
832 3058 1203 3154 Suspiciendumigitur

206 3199 256 3272 ne*
265 3173 452 3268 fragmenta
464 3199 538 3269 quae
552 3179 677 3244 Beroso
695 3173 1204 3270 Pseudo-Polybistoradscribit

207 3288 311 3358 aniles
329 3289 392 3358 sub
413 3289 495 3359 falso
517 3292 642 3360 cortice
672 3291 801 3361 fabulas
826 3305 859 3359 et
886 3292 1010 3359 naenias
1029 3277 1202 3385 obtegant.

92 3439 95 3445 ·
207 3406 278 3474 Nec
304 3419 416 3474 tamen
444 3431 575 3499 aequum
616 3407 659 3476 sit
688 3407 860 3476 bominem
885 3407 1057 3501 increpare
1078 3387 1204 3474 εἷ’ἀει-

209 3544 338 3608 muare,
349 3534 527 3614 antequam
539 3547 637 3591 causa
646 3522 859 3609 discutiatur,
871 3537 1069 3618 argumenta
1088 3520 1203 3616 profe-

207 3652 347 3725 runtur,
363 3650 463 3706 testes
481 3637 516 3705 in
536 3637 646 3708 medio
660 3638 737 3708 sint.
755 3635 863 3708 Proh!
878 3639 1053 3721 bominum
1084 3632 1203 3710 fidem!

250 3823 293 3902 (ι)
314 3826 380 3880 Eus.
393 3827 485 3900 Praep.
499 3827 606 3900 Evang.
622 3820 670 3881 tib.
688 3824 739 3881 tx.
755 3844 779 3882 r.
791 3808 840 3881 xx]
912 3896 916 3908 ι

252 3918 293 3999 (a)
314 3919 410 3980 Pbaed.
427 3919 477 3978 fab
500 3919 548 3979 lib.
562 3926 585 3978 Ι.
599 3923 629 3976 F.
647 3925 685 3979 X.
