2534 4522
512 206 561 277 79

37 335 223 430 losophiam
266 331 459 427 ejuraverit,
498 329 642 426 deniqne
685 356 761 400 eum
808 347 915 402 morte
959 333 1028 427 jam

38 449 207 546 proxima,
226 447 403 542 imploratu
432 445 543 515 divina
565 448 778 517 miseratione
805 473 884 518 cnm
910 472 1031 543 praesa-

38 566 165 662 gitione
183 563 328 659 quadem
348 563 410 633 Dei
431 563 598 657 expirasse
614 560 678 658 (r).
698 567 816 657 Itaque
843 590 920 634 eum
939 564 1030 633 haud

38 678 202 751 absimilia
221 693 389 748 exstarent
406 677 496 772 apud
508 676 646 748 'Judaeos
671 678 712 748 de
736 678 915 751 Aristotele
938 706 1028 750 com·
1109 696 1111 700 ’

39 810 164 881 menta,
183 820 252 863 non
270 793 389 863 dubito
416 795 498 887 quin
516 795 703 889 antiquitus
730 797 837 889 etiam¹
857 796 1032 882 exstiterit,

40 908 92 980 vel
109 912 273 1004 spurium,
293 907 345 977 vel
364 906 605 1003 interpolatum
627 909 799 1003 quoddam
825 935 910 1004 opus
922 909 1034 979 Clear-

39 1025 104 1094 cho
123 1023 252 1095 Solensi
272 1023 491 1117 adscriptum.

89 1141 151 1208 ΙΙΙ.
184 1138 246 1206 His
275 1118 387 1204 antem
412 1136 610 1204 commentis
629 1144 703 1230 qu'ae
728 1138 790 1206 sub
825 1139 970 1208 Hecataei
1003 1154 1036 1206 et

41 1253 335 1327 Clearehinomine
353 1239 929 1339 circumferebantur,testimoninm
943 1252 1036 1322 aliud

41 1366 287 1439 adnectendum
310 1365 401 1459 quod
423 1365 559 1460 quidem
587 1364 772 1436 aChoerilo
800 1369 913 1438 Samio
938 1385 1037 1462 poeta

42 1499 76 1553 et
92 1482 266 1553 Herodoto
289 1480 408 1575 aequali
432 1481 595 1575 losephus
613 1484 744 1576 excepit
762 1499 863 1577 atque
886 1485 920 1552 in
936 1485 1039 1577 Apin-

44 1626 122 1670 nem
155 1599 197 1669 ad
232 1598 424 1667 Judaeorum
465 1597 700 1691 antiquitatem
740 1599 1036 1669 demonstrandam

43 1714 206 1785 exhibuit.
223 1711 283 1782 llle
299 1713 388 1781 enim
406 1711 553 1781 affirmat
567 1712 752 1782 Choerilum
767 1715 855 1782 inter
868 1715 1039 1808 antiquio·

46 1855 96 1898 res
123 1842 239 1923 poetas
264 1825 461 1921 praeclarum
487 1827 597 1895 virum
622 1828 816 1897 ludaeorum
846 1830 1037 1898 meminisse

47 1945 103 2014 ubi
139 1943 190 2011 his
224 1943 374 2011 versibus
400 1943 521 2011 cecinit
540 1968 596 2010 eos
621 1969 697 2013 cnm
726 1947 838 2013 Xerxe
863 1948 1040 2014 Persarum

49 2082 125 2152 rege
142 2056 363 2151 expeditionis
379 2071 497 2125 eontra
517 2060 655 2127 Graecos
670 2058 850 2153 participes
866 2059 967 2128 fuisse
984 2088 991 2129 :

129 2234 178 2315 Τῷ
191 2232 214 2290 δ’
224 2230 312 2291 ὄπιθεν
328 2229 441 2290 uttam
456 2229 530 2309 γένος
547 2231 698 2310 θαυμαστὸν
715 2227 833 2306 ἰδέσθαι,
897 2229 900 2251 ²

128 2333 258 2391 Γλῶσσαν
273 2328 320 2408 μὲν
334 2329 482 2389 Φοίνισσαν
495 2330 548 2387 ἀπὸ
562 2327 701 2409 στομάτων
717 2332 842 2406 ἀφίεντες.

129 2427 234 2512 'ipsios’
251 2429 279 2487 ἐν
294 2427 427 2504 Σολύμοις
435 2426 507 2508 ὄρεσι
515 2427 617 2507 πλατέῃ
633 2427 782 2509 ἕπὶλίμνῃ.

132 2521 286 2606 Αὐχμαλέσι
303 2523 426 2606 κορυφάς,
439 2521 651 2605 τροχοκούριδες·
665 2524 747 2606 αὐτὰρ
762 2522 871 2604 ὕπερθεν

130 2618 236 2683 Ἵππων
250 2623 333 2703 δαρτὰ
345 2620 467 2702 πρόσωπ’
479 2619 584 2702 ἐφόρευν
598 2619 747 2694 ἐσκληκότα
761 2625 865 2704 καπνῷ.

131 2777 230 2834 «Exin
246 2770 380 2829 miranda
395 2771 493 2850 speeie
509 2788 580 2849 gens
593 2784 687 2830 castra
703 2786 803 2831 ser-uta
818 2787 880 2844 est,

132 2871 326 2930 «Phoenicum
341 2869 442 2946 ignoto
456 2889 521 2947 quae
533 2889 618 2928 voces
633 2870 733 2928 ederet
746 2891 806 2928 ore.

133 2995 145 3020 r
161 2975 231 3028 Haee
244 2969 380 3044 Solymos
392 2966 527 3024 habitans
539 2980 654 3025 montes
664 2981 797 3046 stagnum
810 2990 904 3049 prope
916 2984 1029 3031 vastum
1040 3016 1049 3046 ,

133 3093 145 3119 «
161 3069 367 3126 Circumtonsa
383 3065 485 3136 comis,
498 3065 656 3142 squallenti
669 3068 789 3141 vertice,
805 3068 906 3147 equini

134 3190 146 3215 «ι
161 3163 288 3222 Exuvias
299 3161 403 3240 eapitis
411 3161 533 3219 duratos
544 3161 611 3240 igne
623 3162 742 3240 gerebat
759 3163 828 3244 (2).»
924 3163 933 3245 γ’

103 3320 225 3389 Censet
243 3316 409 3410 tosephus
428 3315 490 3384 hos
515 3330 643 3417 veteres
656 3316 809 3413 Solymos
824 3319 957 3390 Jndaeos
980 3344 1049 3389 esse
1100 3353 1102 3359 ’

59 3448 91 3502 et
117 3434 195 3503 inde
223 3433 309 3501 hanc
329 3430 492 3500 illustrem
519 3431 581 3499 sibi
608 3433 724 3500 asserit
757 3435 923 3530 originem
946 3461 1048 3530 quarn
1069 3480 1082 3503 0

98 3606 140 3708 (il
161 3628 204 3689 Cf.
226 3627 364 3686 Bruclrer.
382 3625 456 3686 Hist.
476 3625 549 3685 Phil.
566 3632 589 3685 1.
610 3637 675 3703 794.
689 3662 731 3707 (-
744 3627 859 3687 Fabric.
875 3629 949 3689 Bibl.
965 3650 1049 3706 graec.

60 3727 98 3783 11.
111 3745 139 3804 p.
160 3727 224 3786 162.
237 3759 276 3768 -
294 3729 434 3800 Basnage.
451 3724 524 3782 Hist.
539 3722 590 3782 des
609 3724 693 3784 Juifs.
719 3730 771 3785 111.
788 3747 814 3783 c.
836 3747 861 3798 7.
873 3760 911 3773 ·-
926 3727 1048 3786 Buddei.

64 3821 137 3881 Hist.
155 3822 227 3881 Phil.
244 3820 369 3880 Ebraeor.
392 3821 466 3892 532.

101 3916 140 3998 (a)
161 3923 221 3977 Jos.
234 3922 292 3997 Ορ.
309 3920 346 3975 11.
359 3937 388 3995 ρ.
408 3913 472 3986 453.
