2534 4522
615 217 661 297 4,

142 357 190 423 Ut
212 363 292 431 uero
312 355 421 424 dicam
443 356 484 425 de
507 358 625 453 sibylla
643 359 733 453 quod
748 361 853 429 animi
877 360 1069 454 conjectura
1086 345 1133 431 su·

100 464 103 470 ’
132 463 237 566 Ιρίοοο
250 469 321 564 (1),
339 495 412 541 eam
429 473 464 539 in
483 473 677 552 Judaeorurn
696 473 1001 545 Alexandrinorum
1021 477 1135 551 schola
1238 548 1241 554 .

144 601 255 656 natam
278 601 312 655 et
333 587 511 658 educatam
542 605 576 658 et
605 591 819 660 vaticinatam
848 606 881 660 et
903 592 1053 661 eamdem
1076 618 1136 687 pet·

141 702 272 771 somnia
304 703 420 771 Berosi
457 704 639 797 cujusdam
665 707 767 775 vitam
798 707 1003 801 auspicatam
1035 708 1136 778 fuisse

140 818 309 911 conjicio:
328 819 375 886 sie
397 822 435 888 Β.
464 821 633 889 Iustinum
662 821 876 916 interpretari
901 819 983 891 velis
1002 822 1062 891 ubi
1087 825 1149 892 ait·

141 930 294 1028 sibyllam
325 938 487 1003 Berosum
518 951 646 1028 patrem
681 937 856 1024 habuisse,
889 951 1029 1005 matrem
1055 963 1134 1007 vero

139 1053 367 1143 Erymantem.
403 1049 498 1136 Quid
529 1051 634 1144 igitur
652 1051 679 1141 si
710 1051 780 1121 haec
807 1049 960 1146 sibyllina
982 1052 1081 1120 verba
1101 1068 1134 1122 et

140 1164 296 1234 Xisuthri
321 1163 449 1234 Diluvii
477 1167 704 1235 narrationem
730 1153 828 1235 simul
859 1182 1013 1261 utaequa
1038 1166 1133 1235 lauce

139 1277 358 1372 dijudicabis?
372 1280 405 1346 Si
416 1279 488 1348 haec
495 1277 574 1348 falsa
584 1281 727 1348 senseris
741 1297 774 1349 et
788 1281 876 1350 iuter
892 1280 1023 1350 fabulas
1040 1281 1131 1350 able-

139 1398 282 1491 gaveris,
307 1394 348 1464 de
370 1399 497 1465 eaeteris
517 1396 607 1465 haud
634 1397 757 1491 injuria
779 1397 1034 1492 praejudicatum
1054 1400 1129 1469 erit.

138 1514 322 1605 Pergamus
350 1525 523 1580 temen‘ae
541 1537 629 1580 nova
649 1527 805 1606 portenta
831 1537 1095 1606 percenseamus.

188 1625 382 1719 Accipimus
424 1641 577 1695 nostrum
610 1614 1056 1723 Pseudo-Polylristoreni,
1099 1644 1132 1696 et

139 1741 265 1810 bouum
294 1741 466 1810 hominem
486 1744 645 1810 Berosum
670 1741 712 1810 de
730 1742 865 1811 Adamo
893 1758 926 1811 et
953 1742 1037 1812 seth
1061 1768 1131 1810 me·

139 1856 274 1924 minisse
292 1879 331 1924 ac
349 1855 388 1924 de
404 1855 551 1950 longaeva
568 1881 685 1924 eorum
704 1871 801 1925 aetate
821 1858 922 1925 sacris
943 1855 1037 1925 libris
1055 1881 1132 1924 con·

137 1971 292 2040 sonantia
310 1971 462 2039 edidisse.
479 1976 557 2039 Haec
574 1971 663 2039 enim
680 1973 714 2039 in
731 1973 1001 2066 Chronographo
1013 1972 1132 2040 Barbe-

137 2086 313 2173 rimorum,
327 2098 365 2153 ut
379 2109 528 2153 summus
545 2083 724 2152 cardinalis
740 2089 827 2180 Ang.
841 2078 954 2154 Maius
972 2081 1128 2170 affirmat,

139 2198 298 2295 leguntur
329 2225 337 2267 ε
368 2229 385 2264 a
411 2200 561 2268 Primum
600 2223 741 2292 regnum
778 2199 880 2269 fuisse
911 2199 1130 2271 Chaldaicum

136 2329 437 2388 «commemorant
462 2315 523 2383 viri
543 2314 682 2382 scientia
703 2312 836 2408 inclyti,
856 2315 1046 2384 Alexander
1066 2319 1130 2384 Po·

129 2460 152 2494 -α
169 2419 322 2524 lyhistor,
342 2415 503 2514 Berosus,
516 2429 724 2524 Abydenus,
741 2443 776 2498 et
796 2430 1043 2523 Apollodorus:
1071 2431 1129 2524 qui

135 2573 152 2610 ο
168 2544 304 2637 quidem
324 2558 463 2612 narrant
480 2544 606 2636 primos
625 2544 777 2612 homines
789 2545 861 2612 sine
879 2545 1014 2638 regibus
1024 2569 1130 2612 anuos

135 2689 153 2724 α
169 2658 260 2728 mille
276 2673 310 2728 et
325 2660 571 2752 quinquaginta
588 2673 664 2728 octo
675 2660 816 2728 vixisse:
833 2659 950 2728 dicunt
961 2659 1129 2729 Adamum

130 2805 151 2840 a
169 2799 277 2844 annos
296 2789 487 2868 nongentos
506 2789 539 2843 et
554 2776 692 2868 triginta
713 2773 911 2868 explevisse,
932 2773 1040 2842 filium
1059 2775 1130 2867 ejus

136 2890 250 2958 «Seth
275 2904 412 2958 centum
434 2904 469 2958 et
489 2889 731 2984 duodeviginti.
748 2920 764 2954 ν
777 2886 910 2977 Πρῶτον
925 2891 1031 2952 πασῶν
1052 2884 1127 2950 ἀνα-
1170 2927 1172 2930 -

135 3005 285 3101 γράφουσι
316 3011 370 3082 τὴν
392 2997 558 3075 Χαλδαίων
591 3008 745 3093 βασιλείαν
772 2999 880 3101 ἄνδρες
915 3011 945 3076 ἐν
970 2999 1129 3076 παιδεύσει
1223 3029 1226 3033 “

132 3125 294 3215 γνώριμοι,
319 3112 513 3214 [Ἀλέξανδρος
532 3121 763 3217 ὁΠολυΐστωρ,
785 3122 950 3216 Βηρωσσὸς
969 3123 1022 3190 καὶ
1039 3114 1129 3192 Adu-

134 3229 224 3315 δηνὸς
240 3236 292 3304 καὶ
313 3226 558 3329 Ᾰπολλόδωρος,
574 3233 602 3304 οἳ
620 3249 740 3331 πρῶτον
758 3241 811 3330 μὲν
827 3239 996 3333 ἱστοροῦσιν
1019 3235 1127 3306 alduul-

130 3359 227 3440 λεοτα
256 3355 310 3426 ἔτη
341 3337 409 3426 uvn'
433 3352 506 3445 φασὶ
538 3350 596 3448 γὰρ
629 3343 724 3446 Ᾰδὰμ
745 3356 799 3423 τὸν
822 3365 944 3450 πρῶτον
971 3351 1127 3449 ἄνθρωπον

131 3468 302 3560 ἡγήσασθαι
317 3468 432 3546 τὸντῆς
444 3461 521 3547 ζωῆς
532 3473 627 3537 αὐτοῦ
633 3469 740 3562 χρόνον
750 3471 804 3545 ἔτη
815 3456 869 3538 πλ’
879 3471 960 3564 μετὰ
971 3462 1009 3537 δὲ
1017 3472 1126 3537 τούτου

132 3582 192 3657 Σὴθ
213 3585 264 3650 τὸν
281 3583 342 3650 υἱὸν
359 3587 453 3650 αὐτοῦ
473 3586 526 3653 ἔτη
542 3596 608 3677 pua·
628 3580 679 3678 (a)
707 3585 785 3656 Non
811 3609 947 3676 possum
970 3583 1052 3676 quin
1075 3605 1127 3647 ex-

171 3788 213 3872 (1)
228 3795 374 3871 Exspecto
389 3785 475 3849 etiem
491 3811 567 3850 nune
582 3793 619 3850 de
633 3792 686 3850 hae
700 3793 863 3872 quaestione
880 3792 1001 3849 alteram
1013 3768 1125 3871 partein

129 3888 343 3967 Sibyllinorum
360 3889 522 3949 editionisa
535 3911 561 3947 v.
578 3888 655 3948 doct.
668 3896 731 3959 Car.
741 3890 909 3951 Alexandro
920 3889 1072 3951 inchoatae.

169 3987 213 4070 (a)
232 3994 370 4049 Veterum
387 3990 485 4067 script.
497 3989 609 4048 collect.
623 3990 717 4050 vatic.
734 4001 755 4049 t.
771 3994 849 4052 VIII.
866 4007 894 4068 p.
912 4010 938 4062 7.
