2534 4522
615 165 663 254 84

193 324 292 404 Οὗτος
312 327 406 418 ἔχωσε
420 328 470 394 τὸν
490 329 728 422 εὐρύχωρον,τόν
744 355 777 396 τε
799 339 927 422 χρυσοῦν
944 328 1030 397 κίονα
1039 331 1091 397 τὸν
1107 335 1138 399 ἐν

139 450 201 519 τοῖς
222 452 276 509 τοῦ
298 445 369 520 Διὸς
388 442 543 520 tiathiram:
565 448 616 513 ἔτι
633 471 667 513 τι
689 449 764 518 ὕλην
788 439 883 523 ξύλων
908 446 1046 512 ἀπελθὼν
1064 447 1134 515 Zao-

139 555 205 643 ψεν,
226 558 287 624 ἀπὸ
304 569 358 625 τοῦ
375 561 539 657 λεγομένου
563 561 648 651 ὅρους
675 555 824 642 Asichon,
846 552 969 653 κέδρινα
998 555 1074 637 hoho
1095 561 1137 640 εἰς

138 672 193 751 τὰς
210 682 270 738 τῶν
283 673 366 764 ἱερῶν
388 677 509 767 στέγας·
528 675 663 742 καθελών
685 702 717 742 τε
738 675 780 741 τὰ
790 676 904 768 ἀρχαῖα
921 674 997 768 ἱερὰ,
1011 677 1136 752 καινοὺς

134 790 222 864 ναοὺς
239 779 431 880 ὠκοδόμησε,
448 791 535 856 τότε
556 801 611 858 τοῦ
627 775 804 883 lipotahe'ooc
827 789 879 856 καὶ
893 801 949 868 τῆς
963 779 1131 883 Ᾰστάρτης

135 905 257 994 τέμενος
278 904 456 993 ἀνιέρευσεν,
478 905 530 971 καὶ
555 908 591 971 τὸ
621 907 674 996 μὲν
708 916 763 972 τοῦ
798 891 972 995 Ἡρακλέους
1004 913 1134 998 πρῶτον

134 1021 300 1091 ἐποιήσατο
311 1021 340 1084 ἐν
358 1027 401 1102 τῷ
421 1020 545 1111 περιτίῳ
561 1021 645 1112 μηνὶ,
663 1016 731 1086 εἶτα
750 1022 787 1087 τὸ
802 1029 858 1098 τῆς
874 1010 1050 1112 Ᾰστάρτης.
1068 1005 1134 1085 Eoi

136 1131 246 1224 ioo'rou
270 1123 305 1198 δέ
319 1160 364 1211 τις
387 1130 423 1206 ἦν
445 1122 640 1226 Ᾰὸδῆμονος,
656 1143 728 1212 παῖς
759 1137 912 1228 νεώτερος,
932 1133 964 1214 ὂς
983 1132 1066 1201 ἐνίκα
1088 1132 1132 1199 τὰ

93 1337 95 1341 Ι
133 1243 352 1337 apostatum,
370 1245 551 1317 ἃέπέτασσε
564 1253 709 1342 Σολομὼν
720 1240 745 1316 δ’
761 1238 966 1342 Ῐεροσολύμων
976 1252 1130 1332 βασιλεύς.

187 1354 224 1419 ΙΙ.
236 1352 297 1420 His
314 1354 346 1418 iu
369 1353 515 1420 medium
537 1352 675 1446 prolatis
695 1368 854 1444 tauquam
870 1353 1007 1446 hujusce
1024 1378 1134 1421 causae

135 1467 376 1552 instrumentis,
410 1482 522 1534 utrum
554 1492 641 1554 vera,
665 1494 708 1535 au
728 1460 826 1535 ‘falsa
851 1453 922 1534 'siut
956 1466 1132 1560 dijudices,
1194 1458 1196 1462 ,

133 1583 218 1668 Quae
238 1607 338 1674 supra
362 1581 403 1648 de
418 1583 566 1651 mirificis
583 1585 713 1652 Hirami
734 1582 991 1676 Salomonisque
1005 1584 1131 1675 episto·

135 1693 173 1762 lis
188 1697 311 1788 scripta
330 1712 421 1775 suut,
437 1699 504 1788 jam
521 1698 634 1765 eadem
654 1698 759 1766 fusius
781 1699 813 1763 iu
834 1713 954 1765 octavo
972 1698 1129 1788 Antiqui·

135 1824 240 1877 tatum
262 1810 346 1877 iibro
363 1812 528 1904 tosephus
548 1827 757 1892 narraverot;
781 1811 879 1880 simui
906 1811 1028 1878 ibidem
1061 1810 1133 1879 fere

132 1924 352 2015 jurejurando
373 1923 538 2017 professus
567 1952 601 1992 se
629 1951 739 1993 rerum
769 1925 846 1993 fidei
868 1922 1042 1993 consulere
1068 1949 1131 1992 uec

133 2037 318 2130 quidquam
335 2038 397 2103 uisi
414 2062 527 2105 verum
543 2039 663 2123 dicere,
679 2038 738 2106 has
755 2037 941 2107 Saiomonis
956 2052 1057 2129 atque
1070 2040 1132 2105 Hi*

133 2151 215 2218 rami
240 2150 365 2218 litteras
384 2151 592 2243 conscripsit.
615 2155 655 2219 ht
675 2151 764 2219 unde
786 2151 979 2243 excerptas?
997 2153 1078 2218 Haec
1094 2153 1128 2218 iu

132 2265 279 2358 antiquis
304 2265 494 2332 Phoenicum
515 2266 637 2334 tabulis
664 2266 830 2333 contineri
861 2264 1008 2334 affirmat
1037 2267 1129 2334 Jose-

134 2381 232 2475 phos,
249 2397 349 2472 atque
374 2381 436 2447 hac
454 2379 580 2449 foliacia
610 2405 748 2449 securus
771 2381 808 2448 in
820 2377 1015 2474 portujcun
1031 2382 1130 2448 itari·

132 2521 220 2594 gare
249 2495 371 2585 credit,⁴
390 2496 446 2562 sed
468 2497 526 2588 qui
553 2495 591 2562 fit
618 2512 654 2563 ut
680 2511 792 2563 noster
823 2496 983 2562 hebraicae
1007 2495 1129 2588 linguae

137 2613 260 2680 inscius
276 2612 329 2702 (ut
343 2623 431 2677 recte
450 2611 580 2677 censuit
594 2611 719 2678 Brinch
737 2625 770 2677 et
787 2608 892 2677 fusius
918 2608 1131 2676 demonstran.

136 2729 220 2809 viu(
232 2726 261 2820 ι)
280 2726 474 2794 Phoenicum
496 2724 646 2818 linguam
673 2724 800 2816 legerit,
826 2726 857 2790 iu
881 2704 1022 2816 graecam
1046 2721 1128 2792 cou-
1198 2811 1202 2819 ι

137 2840 294 2910 verterit?
312 2842 380 2928 Qui
401 2839 438 2906 fit
454 2855 489 2908 ut
504 2839 597 2908 huuc
617 2841 795 2932 Tyriorum
816 2863 926 2931 regem
943 2841 1001 2930 qui
1026 2841 1058 2906 iu
1078 2839 1129 2905 he

134 2956 255 3025 braicis
287 2953 382 3023 libris
406 2955 583 3024 Chiramus
604 2952 713 3047 (narn)
735 2950 943 3045 appellatur,
963 2954 1128 3047 tosephus

134 3071 287 3140 cumdem
308 3071 424 3136 Hiram
460 3067 509 3135 vel
533 3069 710 3136 Hiramum
741 3068 976 3152 nominaverit,
1013 3082 1126 3160 spreta

132 3187 230 3253 etiam
254 3199 312 3252 aut
336 3181 486 3277 neglecta
505 3182 714 3275 septuaginta
739 3180 931 3248 Judaeorum
956 3179 1128 3248 versione?

133 3300 201 3390 Qui
218 3298 339 3365 fitutiu
349 3299 514 3390 scriptura
523 3321 615 3364 sacra
636 3294 726 3364 uuila
738 3294 1126 3364 SalomonisctChirami

133 3414 319 3482 litterarum
344 3411 469 3478 mentio
495 3412 550 3490 sit,
565 3426 599 3477 at
627 3406 842 3477 ‘solummodo
865 3406 969 3475 relata
1002 3408 1069 3476 sint
1087 3434 1125 3477 ea

132 3512 206 3622 quae
229 3526 291 3595 sibi
313 3525 458 3592 invicem
478 3523 639 3593 Salomon
665 3524 891 3627 Hiramusque
917 3547 976 3616 per
1000 3520 1126 3617 legatos

132 3645 387 3712 mandaverunt.
405 3644 477 3709 Hoc
502 3654 537 3705 ut
560 3652 724 3731 appareat
746 3651 778 3703 et
801 3635 900 3705 simul
923 3637 1011 3704 boua
1033 3639 1127 3704 Jose·

132 3759 188 3853 phi
209 3757 288 3824 fidos
306 3769 484 3849 spectetur,
507 3777 582 3820 cum
608 3749 773 3818 Fiavianis
787 3748 992 3845 quibusdam
1012 3750 1126 3819 confe-

170 3939 178 4013 (
187 3939 291 3996 titos.
305 3953 352 4011 op.
371 3935 441 3993 ertit.
459 3938 582 3992 Haverc.
600 3932 714 3990 dissert.
730 3939 761 3991 P.
784 3934 899 3991 Briuch.
916 3954 943 4010 p.
962 3935 987 3994 3.
1011 3953 1038 4010 p.
1057 3935 1125 3991 302.
