2534 4522
600 195 646 281 64

130 346 321 418 ludaeorum
336 348 463 417 fuerint
474 345 636 435 conficta,
648 360 708 415 aut
720 344 937 440 interpolata,
949 359 1009 414 aut
1024 347 1128 427 inter·

132 463 295 557 pretando
313 462 357 532 ad
375 462 509 532 laudem
532 462 643 559 gentis
665 461 812 533 Judaicae
835 485 1012 555 perperam
1043 486 1126 531 con-

133 603 237 647 versa.
258 584 306 648 Ae
324 578 471 673 primum
492 577 534 646 de
551 581 710 646 Hecataeo
726 575 888 646 Abderita
905 577 1126 671 quaestioneni

130 695 354 764 instituamus.
1148 684 1149 687 Ἴ

179 813 206 879 Ι.
233 809 302 879 Diu
326 833 487 904 magnum
516 811 604 880 inter
620 809 829 880 doctissimos
848 809 938 877 viros
957 821 1132 876 certamen

133 926 197 1031 fuit
207 924 255 1020 (et
270 923 381 993 adhuc
390 924 452 994 sub
460 924 577 1019 judice
585 923 625 996 lis
635 924 714 1021 est),
730 950 773 993 an
787 922 1130 993 HecataeusAbderita

131 1065 261 1110 cavere
278 1039 449 1132 scripserit
463 1064 536 1133 quae
550 1065 629 1108 eum
648 1039 818 1133 scripsisse
830 1037 1000 1132 Iosephus
1010 1051 1133 1135 auctor

131 1166 192 1223 est.
218 1154 282 1225 Vir
304 1177 455 1221 summus
469 1155 656 1247 Spencerus
674 1154 734 1221 etsi
750 1150 791 1221 de
808 1155 963 1220 Hecataeo
976 1146 1061 1219 nihil
1076 1175 1134 1218 ex·

131 1264 327 1363 planaverit,
345 1267 418 1361 ejus
430 1282 543 1336 tamen
562 1267 683 1336 librum
696 1270 764 1362 περὶ
777 1254 924 1337 Ῑουδαίων
944 1264 1131 1361 genuinum
1173 1299 1183 1355 χ

131 1397 165 1451 et
184 1380 353 1452 Abderitas
371 1380 628 1452 adscribendum
649 1381 872 1478 declarat(v).
895 1382 984 1450 Huic
999 1381 1132 1451 socium

131 1497 298 1591 Heynium
318 1496 504 1590 adjungam
523 1496 615 1590 quod
637 1497 671 1564 in
695 1495 944 1565 commentariis
962 1494 1005 1563 de
1026 1493 1136 1563 fonti·
1216 1531 1219 1539 1

134 1611 197 1679 bus
222 1609 367 1679 Diodori
384 1610 542 1685 eumdem
556 1610 648 1680 hunc
667 1610 792 1679 librum
806 1609 1019 1679 advocaverit
1030 1623 1135 1702 atque

132 1725 203 1818 ejus
234 1726 468 1794 auctoritatem
490 1726 628 1793 minime
649 1726 852 1820 suspicienS,
884 1722 969 1792 nibil
1001 1722 1134 1792 dehac

131 1840 315 1932 quastione
343 1840 519 1934 agitaverit
542 1838 607 1936 (2).
646 1839 782 1909 Accedit
803 1838 1018 1908 illustrissimi
1047 1841 1132 1906 Bos-

133 1955 218 2021 sueti
240 1953 424 2022 auctoritas
440 1954 499 2047 qui
518 1954 652 2048 quidem
673 1954 868 2023 Abderitam
889 1952 979 2021 haud
997 1966 1132 2021 tantum

133 2067 311 2163 protulisse
329 2068 386 2136 sed
407 2070 441 2136 in
463 2070 649 2138 testimonis
672 2069 744 2163 ejus
771 2068 953 2138 referendis
973 2067 1133 2160 aliquan·
1159 2063 1162 2070 ’
1208 2071 1213 2080 “

132 2180 242 2252 tulum
263 2178 424 2252 erravisse
451 2186 675 2279 comperietur
697 2183 760 2280 (3).
793 2183 930 2253 Accedit
947 2180 1134 2276 Burignius

132 2299 189 2391 qui
206 2297 336 2366 avidius
346 2297 407 2366 has
421 2299 589 2369 Abderitae
601 2298 757 2394 reliquias
769 2299 954 2399 amplexus,
968 2313 1006 2367 ut
1019 2323 1134 2382 sacras

130 2427 324 2498 veneratur,
341 2411 546 2483 nullomodo
560 2416 746 2509 suspicatus
766 2414 922 2484 fiduciam
940 2439 1033 2483 suam
1057 2413 1133 2484 fru-

132 2544 200 2597 stra
229 2552 299 2597 esse
330 2543 362 2596 et
385 2528 569 2623 Josepbum
599 2531 661 2599 sibi
695 2528 838 2600 illudere
869 2530 934 2623 (A).
968 2526 1133 2622 Sequitur

133 2643 538 2738 Zoruiusquisententiae
561 2646 795 2740 Origenispro
828 2669 887 2713 sua
921 2641 1007 2711 virili
1033 2658 1132 2736 parte
1171 2635 1174 2638 ⁴

43 2761 45 2764 ⁴
136 2759 340 2854 refragatus,
353 2775 464 2829 censet
476 2758 558 2828 nihil
569 2761 702 2829 obstare
718 2759 897 2853 quominus
913 2758 1046 2827 ludaeos
1058 2756 1133 2828 lau-

137 2871 235 2941 dibus
251 2873 411 2942 Abderita
422 2875 590 2943 ornaverit
608 2873 672 2970 (5).
686 2877 730 2942 At
749 2899 816 2968 prae
827 2872 953 2942 caeteris
965 2873 1045 2942 huic
1058 2876 1131 2967 opi-

135 2991 230 3058 nioni
255 2988 369 3058 favens
397 2990 448 3058 vir
468 2989 682 3060 doctissimus
704 2990 957 3077 Sainte-Croix,
979 2988 1131 3057 dubitari

137 3129 205 3173 non
235 3105 336 3174 audet
362 3107 445 3208 quin
482 3132 523 3174 ex
545 3106 714 3175 Abderitae
746 3106 881 3199 ingenio
906 3106 975 3173 baec
1003 3105 1130 3198 scripta

136 3220 176 3288 de
205 3220 326 3290 Judaeis
361 3224 578 3292 manaverint.
615 3223 718 3311 Quod
749 3237 861 3290 autent
888 3220 1133 3290 contradixerit

135 3336 300 3427 Origenes
333 3335 470 3405 minime
510 3353 624 3423 curat;
661 3337 844 3431 Origenem
878 3335 965 3403 enim
999 3340 1136 3405 Heren-

134 3453 194 3520 nio
211 3467 411 3547 praepostere
431 3455 490 3523 niti
506 3452 649 3523 voluisse
667 3453 779 3546 arguit
796 3452 1004 3546 nimiumque
1025 3451 1133 3545 hujus
1217 3448 1229 3534 '-

176 3647 187 3725 s
194 3646 219 3724 1)
240 3651 379 3725 Speueer.
398 3646 434 3705 ad
447 3650 529 3728 Orig.
545 3669 571 3708 c.
594 3670 614 3704 1.
631 3648 675 3705 15.
690 3687 728 3699 -
740 3646 785 3725 (a)
796 3651 908 3724 Heyue.
928 3647 965 3705 de
985 3646 1134 3706 Fontibus

47 3803 51 3812 ,
134 3744 258 3803 Diodori
272 3747 434 3805 comment.
451 3751 474 3803 I.
487 3767 515 3824 p.
529 3743 662 3823 67.-(3)
677 3744 819 3804 Discours
828 3763 879 3804 sur
893 3743 987 3802 l'Hist.
1000 3745 1132 3804 univers.

135 3861 161 3899 a.
180 3855 255 3920 part.
268 3864 291 3902 e.
312 3864 337 3901 a.
352 3887 387 3897 -
404 3843 445 3923 (4)
457 3845 545 3903 Mem.
568 3844 604 3902 de
621 3843 732 3904 l'Acad.
746 3844 797 3902 des
817 3842 949 3920 inscript.
971 3854 1000 3900 et
1021 3839 1133 3900 belles·
1159 3858 1171 3878 ·

134 3941 242 3998 lettres.
260 3952 279 3997 t.
295 3941 342 3998 Vl.
353 3941 437 3999 niden.
450 3962 477 4019 p.
491 3942 598 4010 489.»
612 3923 1012 4020 (5)Z0rn.adHecataeiAbd.
1022 3937 1130 4018 fragm.
