2534 4522
601 187 645 263 35

129 353 281 425 κολουθῶν
300 351 504 448 ἀναγραφαῖς,
515 353 582 446 περί
597 350 636 419 ’τε
656 362 711 420 τοῦ
726 352 887 446 γενομένου
904 353 1124 442 κατακλυσμοῦ

16 535 26 555 ‚
131 470 182 539 καὶ
204 480 259 550 τῆς
277 473 306 537 ἐν
326 472 410 556 αὐτῷ
428 469 539 563 φθοραῖς
557 479 619 534 τῶν
636 467 801 560 ἀνθρώπων
813 519 822 552 ‚
836 466 972 555 καθάπερ
991 466 1125 543 Μωυσῆς
1146 458 1149 463 ’

131 591 229 664 οὕτως
247 585 402 676 ἱστόρηκε·
425 584 477 650 καὶ
490 583 559 675 περὶ
577 594 633 661 τῆς
646 582 813 677 λάρνακος,
833 584 861 647 ἐν
875 579 899 656 d
915 585 1024 673 Νῶχος
1041 584 1056 646 ὁ
1072 589 1128 647 τοῦ

133 701 235 796 γένους
256 705 342 792 η’μῶν
364 698 496 792 ἀρχηγὸς
514 689 664 784 διεσώθη,
684 694 933 792 προσενεχθείσης
944 699 1042 774 αὐτῆς
1056 701 1125 773 ταῖς

135 815 310 909 ἀκρωρείαις
320 840 381 883 των
394 802 547 905 Ᾰρριενίων
556 817 644 904 ὀρῶν.
660 808 742 881 Εἶτα
752 812 821 905 τοὺς
829 811 890 879 ἀπὸ
898 813 1013 903 Νώχου
1025 834 1129 878 κασα-

131 932 243 1027 λέγων,
257 930 309 998 καὶ
330 931 401 1008 τοὺς
419 931 545 1023 χρόνους
565 932 666 1006 αὐτοῖς
683 926 866 1021 προστιθεὶς,
891 927 941 994 ἐπὶ
965 921 1132 996 Nature-

137 1071 230 1139 σαρον
247 1045 462 1140 παραγίνεται,
475 1045 527 1112 τὸν
544 1039 723 1121 bodemen<
734 1043 791 1110 οιαὶ
810 1034 978 1112 Χαλδαίων
989 1043 1135 1127 βασιλέα,

78 1247 81 1254 Ι
140 1163 192 1232 καὶ
210 1161 267 1243 τὰς
287 1165 398 1231 τούτου
419 1157 539 1254 πράξεις
556 1162 764 1256 ἀφηγούμενος
779 1164 879 1256 λέγει,
903 1181 921 1221 (<
938 1158 1009 1229 σι’να
1021 1151 1135 1256 τρόπον

149 1275 264 1372 Ιἐριψοις
288 1276 339 1348 ἐπὶ
355 1281 412 1354 τὴν
432 1275 588 1372 Αἴγυπτον
611 1277 662 1345 καὶ
685 1276 736 1345 ἐπὶ
758 1281 813 1353 τὴν
832 1277 983 1370 ἡμετέραν
1010 1285 1067 1371 γῆν
1087 1276 1138 1342 τὸν

141 1402 253 1463 ἑαυτοῦ
265 1395 298 1460 Ν
299 1384 581 1485 αὔουχοδονόσορον
601 1390 682 1485 μετὰ
696 1398 813 1471 πολλῆς
826 1385 999 1484 δυνάμεως,
1016 1379 1140 1464 ἐπειδή-

141 1535 200 1604 ῑπερ
211 1509 394 1601 ἀφεστῶτας
416 1508 528 1586 αὐτοὺς
543 1509 690 1588 ἐπύθετο,
713 1508 836 1576 πάντων
851 1507 1012 1600 ἐκράτησε,
1023 1506 1077 1573 καὶ
1088 1506 1140 1574 τὸν

143 1626 218 1694 ναὸν
229 1626 372 1716 ἐνέπρησε
384 1624 437 1691 τὸν
455 1627 486 1690 ἐν
500 1607 707 1716 Ῑοροσολύριοις
717 1617 778 1710 (r).
795 1644 814 1684 ν
837 1623 932 1692 Num
946 1621 1061 1688 stricte
1071 1623 1143 1688 ani-

149 1737 376 1822 madvertisti,
390 1735 476 1805 bene
492 1733 685 1805 intellexisti
697 1737 767 1805 baec
777 1734 826 1804 Ft.
843 1736 944 1803 verba
962 1739 1144 1829 εΒηρωσσῦς

149 1854 294 1946 ἱστόρηκε
304 1854 374 1946 περὶ
391 1863 446 1931 τῆς
459 1852 627 1946 λάρνακος,
640 1857 670 1920 ἐν
683 1851 705 1946 l
720 1855 834 1945 Νῶχος
849 1858 865 1919 6
877 1861 934 1920 τοῦ
942 1857 1047 1946 γένους
1058 1858 1145 1945 ημῶν

152 1971 285 2063 ἀρχηγὸς
303 1960 433 2042 διεσώθη
444 1969 457 2034 P
470 1967 562 2036 Num
572 1966 783 2058 sequentium
793 1965 915 2033 borum
927 1966 1079 2033 rationen
1090 1963 1150 2033 ha·

157 2080 258 2152 buistt'
278 2107 286 2148 :
306 2077 377 2153 εἶτα
392 2082 463 2162 τοὺς
479 2082 543 2151 ἀπὸ
557 2084 671 2175 Νώχου
687 2084 890 2178 iacuitque?
916 2081 1058 2176 Minime
1084 2077 1148 2148 du-

158 2195 244 2266 hius
273 2197 356 2287 quin
382 2199 527 2267 Berosus
551 2195 680 2266 Noaebi
706 2196 839 2290 ipsius,
876 2196 944 2264 imo
976 2195 1148 2290 progeniei

158 2309 232 2402 ejus
249 2310 457 2380 mentionem
469 2308 814 2404 lecerit,ae.singulos
832 2308 933 2378 etiam
953 2308 1151 2378 nominatim

156 2425 398 2495 recensuerit:
420 2438 587 2516 quantum
605 2448 685 2492 νονο
706 2424 794 2492 banc
811 2422 964 2492 callidam
987 2424 1155 2492 mirabere

163 2539 269 2609 nostri
294 2538 434 2632 Josephi
467 2553 594 2625 artem,
628 2562 708 2607 eum
734 2540 850 2608 Berosi
876 2537 1041 2630 reliquiis,
1070 2559 1154 2632 quas

164 2655 327 2722 Eusebius
341 2654 375 2721 in
388 2653 568 2724 Chronicis
581 2655 778 2744 asservavit,
797 2652 976 2748 diligenter
987 2651 1156 2747 perlectis,

162 2790 229 2836 nec
246 2767 422 2839 Noachum
442 2792 505 2837 uec
522 2768 653 2839 Noacbi
661 2769 858 2863 progeniem
875 2793 1015 2861 usquam
1034 2790 1157 2836 memo·

163 2895 278 2951 ratum
314 2880 480 2968 invenies-3
512 2883 715 2951 Xisutbrum
741 2906 819 2950 vero
849 2881 976 2950 videbis
1007 2881 1039 2948 in
1066 2883 1158 2952 Noa·

168 2995 269 3067 chum
277 2993 378 3063 fuisse
387 3018 596 3084 cpuversum,
607 3010 785 3091 propterea
795 2995 887 3091 quod
898 2994 1020 3088 prioris
1034 3021 1158 3069 nomeu

167 3107 341 3176 'Hebraicae
365 3105 488 3201 lingum
513 3133 582 3177 non
607 3110 685 3178 satis
707 3125 917 3180 consonaret.
941 3112 985 3179 At
1007 3109 1161 3205 iniquum

164 3245 239 3290 esse
253 3222 401 3293 arbitror
419 3237 559 3318 propter
570 3221 658 3293 hanc
676 3223 786 3294 levem
803 3223 970 3295 fallaciam
989 3226 1163 3296 hominem

172 3360 310 3423 vexare3
340 3361 460 3409 necea
487 3337 528 3406 de
555 3362 592 3408 re
617 3338 780 3409 disserere
808 3339 963 3428 iuterest3
990 3355 1080 3409 totus
1110 3339 1165 3409 ille

173 3455 317 3521 Berosus
330 3451 368 3521 iu'
380 3451 558 3524 discrimen
573 3453 651 3522 fidei
668 3478 734 3523 suae
750 3454 843 3525 venit
859 3467 893 3523 et
909 3455 950 3523 de
966 3457 1166 3525 auctoritate

175 3563 412 3636 Chaldaeorum
442 3567 613 3637 annalium
636 3569 706 3664 jam
735 3584 783 3637 est
824 3569 1073 3664 inquirendum.
1094 3575 1167 3641 Hoc

178 3704 258 3749 vero
280 3696 319 3750 ut
346 3681 508 3774 liquidius
536 3684 758 3769 discutiatur,
785 3685 957 3778 proposito
981 3684 1169 3756 conducere

136 3788 139 3792 ⁴
179 3821 300 3866 censeo
314 3796 405 3866 illem
421 3799 535 3867 Berosi
551 3799 592 3867 de
610 3800 748 3869 Diluvio
765 3799 817 3869 bic
841 3799 1029 3869 describere
1056 3827 1170 3872 narra-

222 3941 260 4036 (1)
282 3943 361 4000 Flav.
376 3943 495 4020 Joseph.
508 3947 607 4020 Op.ll.
619 3964 648 4021 p.
662 3941 806 4012 tbordit.
819 3946 1011 4023 Havercamp.

1018 4041 1049 4111 3.
