2534 4522
611 193 655 270 72

141 310 344 396 adscribere,
378 341 489 387 nonne
530 319 571 387 ad
604 319 786 414 losephum
823 315 872 384 vel
905 314 946 383 ad
975 313 1131 383 Judaeum

141 427 317 520 quemdam
359 435 513 524 protinus
538 448 571 502 et
604 449 694 502 recta
723 434 773 500 via
802 429 1008 525 procederet.
1040 428 1136 498 Ain'?

140 541 280 610 Persicis
312 545 446 638 regibus
472 545 640 616 adversari
663 544 819 615 Judaeosi'
842 541 1008 636 supplicia
1025 567 1134 609 mor·

139 668 273 749 temque
300 658 412 726 subire
438 657 528 753 quod
561 644 668 755 palria
707 661 858 728 instituta
891 658 1056 751 abrogare
1081 681 1134 724 re-

140 767 310 838 cusarent!
331 773 524 867 quicunque
543 789 656 844 autem
682 799 791 843 sacras
813 771 943 842 litteras
958 769 1134 865 perlegere

140 882 220 952 velit
236 899 269 952 et
286 887 552 958 animadvertere
568 913 668 983 quam
681 888 799 958 libenti
821 890 934 958 animo
953 887 1061 956 Judaei
1080 884 1134 952 vel

138 997 294 1067 civilibus
334 999 429 1070 bellis
452 1002 518 1071 vel
549 1002 724 1072 voluntate
752 1027 869 1097 regum
892 1002 999 1070 coacti
1024 1001 1131 1070 Musis

138 1130 303 1207 precepta
317 1115 545 1201 detrectarunt,
556 1119 644 1188 baud
664 1119 766 1188 dubie
778 1119 839 1186 has
850 1117 998 1185 Hecataei
1013 1113 1132 1183 laudes

139 1227 226 1297 ultra
243 1245 358 1299 verum
374 1249 590 1327 exaggeratas
601 1234 783 1328 judicabit3
799 1234 867 1300 imo
879 1256 935 1300 eas
946 1232 1025 1324 jure
1040 1229 1132 1298 dicet

136 1344 277 1410 omnino
301 1343 489 1440 discrepare
519 1347 561 1414 ab
585 1347 638 1416 bis
656 1347 851 1416 ludaeorum
871 1345 972 1440 gestis
993 1367 1069 1436 quae
1094 1343 1129 1409 in

135 1457 244 1551 primo
264 1461 531 1529 Maccahaeorum
545 1459 631 1530 libro
646 1475 877 1530 memorantur
892 1486 899 1528 :
918 1461 1129 1528 «Consense-

132 1601 148 1633 «
167 1589 248 1642 runt
271 1598 390 1643 omnes
408 1590 524 1669 gentes
543 1576 728 1646 secundum
746 1577 886 1645 verbum
906 1575 991 1668 regis
1010 1574 1127 1648 Antio-

132 1717 148 1750 «
168 1687 222 1756 chi
240 1688 415 1758 :etmulti
433 1715 473 1759 ex
497 1691 599 1760 Israel
622 1706 864 1761 consenserunt
882 1689 1036 1759 servituti
1055 1688 1128 1780 ejus

133 1835 149 1867 a
170 1820 203 1874 et
222 1807 492 1877 sacrificaverunt
512 1808 610 1878 idolis
632 1823 666 1877 et
683 1810 989 1903 coinquinaverunt
1013 1805 1127 1907 sabba·

95 1947 97 1951 ·
133 1953 149 1985 ι(
170 1937 242 1990 tum
265 1923 328 2019 (1).
350 1954 365 1985 r
392 1923 480 1993 Illud
517 1951 596 1994 vero
625 1927 808 2020 permirum
832 1924 970 2012 accidit,
996 1937 1124 1992 tantam

134 2037 237 2106 fnisse
256 2039 290 2105 in
308 2041 463 2108 Hecataeo
478 2064 557 2134 erga
574 2039 707 2110 ludaeos
724 2038 989 2108 benevolentiam
1009 2051 1046 2104 ut
1069 2061 1125 2103 eos

134 2147 225 2241 quod
248 2147 373 2243 templa
391 2147 576 2243 altariaque
601 2150 778 2219 diruissent
802 2148 956 2218 laudibus
971 2145 1126 2229 efferret:

135 2274 212 2366 πρὸς
237 2276 346 2353 αὐτοὺς
370 2276 611 2369 ἀφικνουμένων,
641 2276 692 2344 καὶ
709 2277 782 2355 νεὼς
802 2273 854 2346 καὶ
885 2273 1006 2364 βωμοὺς
1031 2296 1125 2339 κατα-

133 2387 360 2472 σκευασάντων,
376 2389 501 2458 ἅπαντα
520 2402 621 2459 ταῦτα
634 2393 887 2459 κατέσκαπτον...
901 2387 966 2455 Καὶ
981 2411 1124 2482 προσεπι·

135 2505 271 2589 τίθησιν,
293 2508 340 2572 ὅτι
361 2497 480 2574 δίκαιον
505 2507 555 2575 ἐπὶ
581 2509 703 2586 τούτοις
728 2508 837 2584 αὐτούς
861 2509 927 2572 ἐστι
951 2495 1122 2594 θαυμάζειν.

52 2659 56 2666 -
135 2609 222 2697 Quis
240 2608 324 2678 alius
346 2611 569 2680 Ethnicorum
597 2636 666 2679 non
690 2609 910 2680 clamitaverit
929 2621 1123 2702 portentosa

133 2750 202 2793 esse
214 2725 285 2794 haec
306 2725 455 2795 facinora
474 2743 507 2796 et
530 2725 728 2822 sacrilegam
743 2741 775 2795 et
793 2726 857 2793 diis
867 2723 1125 2814 hominibusque

137 2838 277 2907 invisam
299 2839 447 2910 Judaeam
473 2856 606 2935 gentem
633 2855 666 2910 et
706 2840 786 2908 diris
808 2837 1050 2908 devovendam.
1072 2837 1143 2902 En

133 2976 214 3021 vero
248 2956 437 3023 Hecataeum
470 2954 541 3049 jum
562 2954 745 3023 hominem⁴
773 2953 871 3022 bonae
898 2947 1003 3046 lrugil
1030 2946 1124 3042 ‚quod
1219 3017 1222 3023 ,

132 3091 265 3134 summo
282 3070 356 3137 Deo
378 3068 485 3138 Judaei
507 3071 665 3151 serviant,
688 3064 836 3138 laetaturl
855 3065 946 3161 quod
966 3063 1124 3133 falsorum

133 3179 310 3247 numinum
323 3179 498 3251 simulacra
517 3198 550 3250 et
564 3182 640 3251 fana
658 3182 843 3267 destruant,
866 3175 1066 3271 triumphat!

181 3291 215 3362 6.
233 3294 324 3363 Idem
359 3301 533 3367 Hecataeus
566 3297 713 3368 declarat
750 3297 870 3365 urbem
895 3291 1127 3387 Hierosolyma

132 3408 392 3503 pulcherrimam
422 3427 454 3480 et
481 3415 660 3483 maximam
690 3411 844 3482 amultis
874 3425 965 3479 retro
998 3405 1128 3479 saeculis

132 3523 292 3611 habitari,
306 3524 467 3619 additque
482 3527 541 3596 ubi
558 3528 601 3596 de
615 3524 732 3620 templi
748 3525 976 3593 exstructione
993 3523 1127 3592 scribit:

131 3638 287 3708 «ibidem
304 3638 438 3708 nullum
456 3665 527 3710 esse
545 3640 782 3727 simulacrum,
790 3639 968 3709 donarium
983 3637 1131 3707 omnino

169 3901 209 3978 (ν)
231 3906 321 3961 Mace.
336 3901 386 3960 lib.
401 3907 424 3961 Ι.
441 3925 465 3961 c.
481 3923 502 3960 1.
520 3905 568 3970 tt.
