2534 4522
600 156 644 254 75

132 306 280 401 reliquiis
302 306 385 376 nihil
405 307 502 378 video
523 306 616 402 quod
644 334 711 378 uon
737 307 814 378 velis
840 305 1004 402 probare?
1027 307 1122 398 Quid

131 420 237 495 enim!
261 422 393 493 ludaeos
418 437 574 494 strenuos
596 449 668 495 csse
690 439 724 494 et
740 423 844 493 fortes
864 424 981 494 asserit
995 438 1028 493 et
1050 421 1125 492 reli-
1178 489 1182 497 .

131 540 239 634 gionis
258 539 304 608 ita
324 553 454 609 tenaces
478 553 516 611 ut
532 538 637 610 levius
656 540 818 611 ducerent
837 553 978 608 mortem
997 541 1124 609 teterri-

127 678 217 732 mam
232 652 344 721 subire
357 678 459 748 quam
476 652 643 746 majorum
663 655 816 723 instituta
832 668 865 724 et
879 653 943 722 Dei
960 668 1124 748 praecepta

131 765 311 863 negligere.
343 766 487 839 Eosdem
518 765 631 836 laudat
650 767 742 861 quod
764 768 987 839 Ethnicorum
1004 792 1123 860 super-

124 884 259 961 stitioni
290 881 410 951 infensi
443 881 582 960 deorum
611 881 788 957 simulacra
815 897 849 958 et
874 907 948 952 aras
976 896 1125 952 evertere

130 1021 254 1092 magno
280 997 393 1065 animo
414 996 486 1068 ausi
506 995 660 1072 luissent.
681 996 826 1089 Subjicit
844 995 931 1067 idem
948 1000 1125 1069 Hecataeus

130 1112 324 1188 ludaeorum
344 1136 436 1183 sacra
454 1112 610 1204 mysteria
630 1135 697 1180 non
718 1113 751 1179 in
775 1110 895 1206 vulgus
908 1113 1125 1196 emanavisse,

131 1225 224 1319 quod
242 1225 336 1304 nefas
349 1239 434 1295 esset
444 1225 579 1317 impuro
589 1250 647 1292 ore
658 1250 709 1293 res
719 1239 851 1295 sanctas
870 1225 1059 1319 praedicare.
1074 1229 1126 1296 Ne

132 1342 221 1412 dicas
237 1342 309 1418 haec
329 1338 477 1434 prosecta
493 1365 530 1408 ex
550 1340 663 1415 animo
675 1341 734 1434 qui
756 1339 831 1433 plus
843 1365 939 1434 aequo
954 1338 1126 1424 ebulliret3

131 1458 185 1526 his
207 1456 336 1536 verbis,
359 1453 424 1524 hoc
442 1456 572 1523 incessu
593 1468 683 1548 patet
701 1454 851 1537 Judaeum
869 1479 968 1548 quem
987 1456 1124 1525 missum

128 1573 240 1653 'lacere
253 1571 324 1666 jam
342 1569 487 1662 expedit,
505 1584 606 1663 atque
625 1570 763 1639 obvium
784 1568 888 1643 alium
900 1569 1125 1640 fabulatorem

131 1686 260 1757 audire.

129 1879 131 1884 ,
180 1803 224 1870 ll.
245 1824 272 1871 t.
288 1802 338 1877 En
359 1798 524 1892 Josephus
537 1823 661 1868 novum
679 1798 849 1872 hominem
863 1799 999 1872 adducit
1018 1802 1077 1893 qui
1095 1815 1127 1868 et

128 1918 203 2013 ipse
210 1914 315 1984 valeat
328 1913 524 1992 ludaeorum
537 1931 668 2008 gentem
684 1914 838 1990 laudibus
853 1915 1060 1986 extollerels
1078 1941 1128 1985 ve-

129 2057 179 2118 ro,
199 2056 297 2126 quem
305 2027 505 2110 Clearchum
523 2031 776 2122 peripateticum
797 2029 1076 2125 nosterappellat‚
1092 2032 1127 2100 in

131 2143 218 2214 libro
238 2145 348 2239 primo
370 2138 438 2231 περὶ
459 2119 559 2206 lnior
583 2144 663 2212 dicit
687 2141 901 2220 Aristotelem
916 2144 957 2212 de
981 2145 1127 2236 ‚quodam

131 2263 201 2340 viro
230 2259 347 2331 Judaeo
380 2258 648 2353 plurareferre,
684 2283 830 2352 eumque
872 2260 907 2328 in
933 2250 1034 2339 huuc
1060 2286 1128 2328 mo-

131 2375 211 2443 dum
262 2373 455 2468 loquentem
496 2375 627 2445 inducit
665 2400 672 2442 :
704 2374 822 2451 «Tibi
861 2375 1128 2469 Hyperochida,

131 2504 205 2571 aut
231 2503 347 2582 aperte
378 2484 470 2582 quod
498 2514 549 2558 res
577 2503 626 2556 est
657 2487 784 2576 dicam,
813 2489 934 2561 mirum
965 2488 1125 2582 quiddam

132 2604 440 2698 «somniorumque
465 2601 637 2697 persimile
658 2629 796 2683 narrare
812 2603 971 2673 videbor·
982 2606 1046 2680 Cui
1061 2608 1129 2699 Hy-

130 2751 147 2804 n
169 2718 365 2814 per-ochides
384 2718 584 2805 verecunde,
595 2733 628 2787 et
637 2719 700 2788 hac
714 2717 754 2787 de
768 2743 880 2819 causa,
892 2699 1014 2813 inquit,
1031 2720 1130 2794 nobis

133 2865 150 2901 «
166 2835 323 2904 omnibus
339 2834 496 2914 audiendi
516 2834 717 2914 desiderium
732 2836 849 2914 cietur.
871 2840 973 2930 Ergo,
994 2837 1128 2930 subjicit

134 2981 150 3014 a
170 2947 376 3039 Aristoteles,
389 2974 494 3043 genus
510 2950 668 3035 hominis,
685 2965 723 3018 ut
738 2950 938 3044 praeeipiunt
967 2951 1130 3038 rhetores,

79 3137 84 3145 ,
134 3065 202 3147 «in
222 3065 341 3158 primis
358 3067 562 3158 aperiamus,
581 3091 624 3133 ne
637 3065 764 3135 scilicet
782 3091 850 3145 uon
865 3065 972 3142 auditi
995 3067 1131 3140 anobis

45 3173 49 3180 ’
134 3211 151 3249 a
172 3205 243 3250 esse
263 3182 495 3258 narrationum
524 3182 675 3274 magistri
699 3181 886 3274 videantur.
904 3186 955 3258 Tu
982 3183 1129 3255 verouti

135 3328 150 3359 a
171 3294 317 3382 libuerit,
339 3296 451 3389 inquit
469 3296 741 3390 Hyperochides3
765 3296 821 3365 ille
835 3295 916 3392 ergo
936 3312 1035 3391 gente
1057 3301 1128 3391 qui·
1153 3357 1155 3360 ,

135 3441 151 3480 o
169 3410 245 3478 dem
261 3413 279 3477 J
283 3410 398 3479 udaeus
415 3421 486 3479 er'at
505 3436 545 3481 ex
562 3411 772 3505 Caele-Syria.
790 3412 850 3481 Isti
866 3438 944 3481 vero
962 3397 1125 3506 originem

133 3555 151 3590 a
169 3526 300 3607 ducunt
321 3549 353 3608 a*
372 3523 580 3620 philosophis
611 3526 700 3621 apud
726 3526 831 3605 Indos
859 3555 867 3597 ε
897 3541 1129 3621 vocanturque

134 3667 151 3703 n
165 3640 223 3736 (ut
241 3639 356 3734 aiunt)
373 3638 567 3737 philosophi
593 3643 684 3736 apud
710 3642 812 3712 ludos
838 3643 976 3739 quidem
996 3640 1128 3727 Calaui,

135 3783 152 3820 «ι
170 3755 260 3850 apud
281 3759 382 3850 Syros
401 3771 512 3824 autem
532 3757 651 3840 ludaei,
674 3782 798 3827 nomen
823 3784 842 3827 a
868 3756 941 3829 loeo
963 3759 1129 3853 accipien-

134 3902 149 3933 «
167 3884 231 3959 tes3
248 3897 323 3964 quae
339 3873 426 3941 enim
443 3870 539 3939 abiis
558 3874 649 3968 regio
668 3872 840 3956 incolitur,
856 3873 1005 3946 Judaeam
1022 3873 1127 3970 vulgo

133 4015 150 4049 ιι
168 3987 355 4059 nominant.
374 3988 476 4061 Urbis
493 4003 603 4059 autem
623 3991 773 4085 ipsorum
793 4015 914 4061 nomen
932 4005 1125 4061 tortuosum
