2534 4522
611 253 653 329 91

138 384 266 455 collatis
282 383 370 453 hanc
388 380 429 452 de
443 382 633 452 Jndaeorum
649 383 849 475 antiquitate
865 382 1131 454 dissertationem

137 501 276 570 auxisse.
298 501 421 568 Noster
448 499 481 566 in
511 497 666 589 manibus
696 496 833 586 habuit,
856 500 925 568 imo
953 498 1131 595 diligenter

139 614 307 710 pervolvit
325 639 442 682 omnes
453 612 526 682 illos
540 613 581 682 de
596 613 695 681 rebus
707 613 850 706 judiacis
864 613 980 702 libros,
995 617 1053 710 qui
1067 616 1130 685 sub

137 729 331 798 nominibus
352 728 591 797 commentitiis
611 727 945 800 circumferebantur.
971 730 1127 801 Profecto

138 844 233 912 novit
256 842 483 912 Alexandrum
502 841 766 936 Polyhistorem,
784 843 1029 939 Eupolemum,
1046 846 1126 916 Phi·

137 956 249 1026 lonem
285 956 565 1048 Demetriumque
607 970 640 1023 et
669 968 804 1023 caeteros
833 982 950 1026 omnes
981 959 1132 1047 Judoeos,

137 1070 326 1140 fabularum
347 1071 510 1150 artifices,
526 1084 558 1138 et
584 1094 690 1163 graeca
712 1072 848 1139 nomina
875 1073 1052 1159 mentitos3
1067 1075 1131 1144 hos

138 1186 312 1280 pernovit;
327 1186 388 1254 hos
407 1184 605 1278 magistros,
621 1184 746 1253 amicos
762 1199 795 1253 et
813 1188 908 1279 quasi
924 1187 1132 1258 convictores

138 1303 276 1395 accepit.
294 1301 383 1368 Hinc
398 1297 587 1393 culpandus
604 1297 694 1392 quod
710 1324 748 1366 ex
768 1300 820 1368 lris
836 1301 992 1370 omnibus
1009 1301 1133 1397 spuriis

138 1414 231 1483 libris
262 1429 330 1483 tam
368 1412 473 1481 multa
500 1414 684 1506 excerpsit,
710 1438 851 1483 earum
882 1414 980 1484 laude
1025 1417 1135 1510 perhi-

31 1589 36 1599 ,
136 1529 265 1615 buerit,
282 1529 316 1596 in
335 1528 451 1596 iisdem
473 1528 571 1597 etiam
597 1526 777 1595 referendis
801 1530 932 1597 sibimet
959 1530 1133 1623 placuerit.

135 1645 207 1711 Jam
239 1666 522 1734 supervacaneum
550 1655 598 1708 est
626 1639 772 1733 amplius
810 1656 877 1710 tam
917 1644 1131 1715 manifestum

84 1752 87 1756 ⁴
134 1756 241 1824 furem
268 1770 432 1824 excutere.
464 1754 549 1822 Mihi
573 1778 650 1822 vero
680 1753 722 1822 ad
756 1752 878 1824 laboris
910 1774 1032 1826 metam
1059 1759 1131 1852 jam

135 1871 303 1939 festinanti
323 1870 516 1939 haecMarci
548 1866 649 1938 Tullii
673 1869 714 1936 ad
733 1871 859 1938 Paetum
887 1870 974 1939 dicta
987 1874 1020 1941 in
1043 1899 1134 1942 men·
1171 1934 1174 1941 .

136 2001 202 2052 tem
235 1984 417 2055 veniuntrn
431 1987 478 2052 Te
506 2009 581 2051 cunr
612 1982 708 2050 video
736 1985 847 2052 omnis
872 1985 954 2053 nrilri
975 1989 1147 2083 Granios,

136 2128 150 2158 n
167 2113 282 2166 om'nes
304 2096 469 2180 Lucilios,
487 2122 562 2165 vere
587 2111 625 2164 ut
644 2095 766 2180 dicam,
788 2100 927 2166 Crassos
950 2126 1085 2195 quoque
1104 2117 1136 2170 et

135 2242 152 2276 a
167 2212 286 2281 Laelios
298 2212 408 2282 videre
421 2211 544 2280 videor.
555 2213 684 2280 Moriar
696 2211 735 2299 si,
747 2227 867 2304 praeter
877 2230 919 2299 te,
931 2239 1132 2309 quemquam

136 2325 333 2420 «reliquum
361 2327 469 2395 habeo
491 2328 610 2419 inquo
639 2326 760 2419 possim
782 2327 960 2422 imaginem
987 2333 1134 2424 antiquae

136 2471 153 2503 a
171 2456 204 2509 et
228 2439 415 2510 vernaculae
441 2440 629 2508 festivitatis
660 2465 885 2533 agnoscere.»
916 2448 988 2512 Hoc
1017 2446 1157 2538 eodem⁸

137 2557 331 2628 modorum
349 2555 530 2650 Josephum
552 2554 665 2639 video,
684 2579 800 2624 omnes
816 2556 898 2623 mihi
916 2558 1134 2652 Eupolemos‚

139 2673 248 2740 omnis
269 2675 421 2756 BerosoS,
445 2671 554 2738 omnis
572 2667 768 2757 Clearchos,
786 2695 863 2743 vere
884 2686 920 2739 ut
942 2673 1050 2742 dicam
1070 2662 1135 2742 He-

140 2801 260 2854 cataeos
293 2802 324 2853 et
362 2784 588 2879 Polylristores
625 2783 737 2852 videre
764 2783 897 2870 videor3
932 2811 1032 2881 quern
1072 2815 1135 2883 ego

139 2916 260 2993 praeter
274 2902 440 2968 neminem
461 2897 625 2992 reliquum
644 2897 770 2983 habeo,
786 2897 903 2992 inquo
917 2902 1039 2994 possim
1051 2903 1132 2970 ima·

140 3014 250 3107 ginem
267 3014 409 3107 judaicae
430 3011 556 3080 fraudis
578 3028 610 3079 rt
636 3008 772 3103 fallaciae
794 3036 983 3106 agnoscere.

631 3120 638 3143 s
