2534 4522
512 217 655 288 490

132 349 276 440 Σολομὼν
301 340 335 416 δὲ
356 355 372 416 ὁ
393 348 475 416 κατὰ
499 351 654 443 Χείραμον
672 352 750 418 πολὺ
780 355 953 446 κατώτερός
976 356 1042 420 ἐστι
1069 364 1125 421 τοῦ
1206 428 1211 451 ¹

132 470 286 548 Μωῦσέως
308 471 439 550 ἡλικίας.

181 587 260 650 Haec
301 583 431 651 Tatiani
473 582 597 670 verba,
644 608 743 676 quam
786 585 925 678 propius
970 585 1127 653 videntur

133 720 203 765 csse
224 693 346 766 fidem!
369 698 502 766 Etenim
522 698 672 766 Chirami
690 718 810 766 nomen
834 699 925 794 quod
944 700 1125 796 Tyriorum

135 813 205 905 regi
242 813 403 880 Tatianus
445 813 613 905 imponit,
642 811 816 881 Hebraicae
853 812 975 910 linguae
1006 839 1128 884 conso·

106 918 108 923 ¹
137 940 212 1012 nat;
242 924 329 993 idem
359 950 421 994 nec
447 924 635 996 Salomonis
674 924 874 1014 literarum,
907 955 966 996 nec
995 931 1127 998 Hirami
1177 994 1182 1003 .

132 1041 367 1134 aenigmatum,
405 1066 465 1109 nec
493 1057 642 1110 veterum
661 1043 770 1134 Tyriae
800 1043 911 1138 gentis
933 1040 1125 1112 tabularum

132 1153 383 1224 uliamomniuo
403 1157 609 1225 mentionem
626 1155 716 1225 facit.
737 1158 892 1251 Denique
911 1155 1040 1226 nullum
1055 1184 1129 1227 ver·

131 1270 212 1338 bum
241 1271 370 1364 profert
386 1270 512 1364 quoda
533 1295 626 1339 sacra
644 1272 807 1365 scriptura
826 1273 972 1341 alienum
989 1274 1050 1359 sit,
1075 1275 1126 1342 vel

132 1400 362 1454 acaeterorum
382 1386 619 1455 historicorum
636 1387 769 1479 scriptis
795 1387 968 1482 discrepet.
996 1391 1128 1456 Contra
1146 1468 1149 1474 ¹

131 1498 173 1566 ab
192 1498 265 1591 ipso
275 1498 448 1568 Clemente
464 1499 689 1568 Alexandrino
701 1501 841 1594 sapienti
852 1516 887 1571 et
902 1501 1036 1570 erudito
1052 1504 1128 1572 viro

131 1604 261 1672 Tatiani
300 1604 388 1674 dicta
425 1605 691 1675 confirmantur:
714 1611 848 1701 Εἵραμος
867 1613 922 1684 τὴν
941 1615 1051 1676 ἑαυτοῦ
1074 1612 1128 1678 θυ-

130 1726 248 1812 γατέρα
276 1723 434 1815 numan
464 1713 594 1808 diduci,
627 1721 696 1787 καθ’
723 1722 773 1802 οὓς
802 1724 926 1817 χρόνους
957 1719 1035 1811 μετὰ
1070 1731 1128 1799 τήν

131 1837 243 1928 Τροίας
269 1836 382 1904 ἅλωσιν
407 1836 569 1904 Μεναλᾶου
597 1837 637 1914 εἰς
664 1837 808 1912 Φοινίκην
832 1833 956 1931 ἄφιξις,
983 1843 1023 1916 ὥς
1053 1865 1130 1931 φησι

131 1942 307 2046 Μένανδρος
337 1959 352 2018 ὀ
382 1952 581 2046 Περγαμηνὸς
610 1951 661 2017 καὶ
698 1956 809 2031 Λαῒτος
837 1955 865 2019 ἐν
901 1959 965 2032 τοῖς
992 1954 1131 2022 Φοινικι-

131 2074 194 2144 κοῖς
217 2055 280 2159 (2).

181 2179 292 2268 Quid,
307 2181 333 2247 si
348 2180 425 2247 inde
439 2204 644 2274 auguramur
659 2177 753 2247 illum
765 2204 864 2272 quem
877 2179 1039 2273 Josephus
1054 2182 1132 2247 Mr-

133 2294 300 2362 nandrum
320 2295 502 2389 Ephesium
526 2292 693 2388 appellat,
711 2318 777 2360 nou
801 2295 982 2387 Ephesium
1008 2293 1131 2379 fuisse,

130 2422 165 2474 at
193 2408 463 2501 Pergamenum?
491 2409 632 2477 Tatiano
657 2420 690 2473 et
719 2405 885 2475 Clementi
914 2408 1133 2476 assentimur.

132 2522 247 2609 Quid,
264 2523 291 2591 si
309 2521 490 2616 Josephum
519 2545 717 2616 arguamus,
734 2545 809 2614 quaa
827 2546 867 2590 ex
885 2521 1067 2610 Menandri
1091 2521 1134 2588 ii·

62 2710 63 2713 ,
132 2638 201 2706 bris
214 2629 387 2709 mutuatus
401 2652 469 2726 est,
487 2663 606 2730 parum
620 2653 774 2705 accurate
789 2661 828 2705 ac
841 2639 968 2706 sincere
982 2639 1132 2731 exscrip-

133 2753 240 2822 sisse?-
250 2747 331 2846 quid
351 2754 378 2821 si
392 2753 609 2845 conjiciamus
625 2752 716 2819 hunc
739 2752 936 2820 historicum
964 2775 1128 2845 nusquam

130 2875 212 2946 aiibi
241 2892 461 2945 memoratum
481 2882 564 2956 Δῖον,
588 2873 731 2959 scilicet,
755 2875 908 2944 eumdem
934 2886 1005 2944 esse
1027 2895 1130 2968 quem

132 2989 248 3070 Antron
268 3000 428 3068 Tatianus
444 3015 477 3068 et
498 2996 652 3067 Clemens
667 2996 912 3066 Alexandrinus
931 2999 1129 3066 nominave-

135 3114 240 3183 runt?
255 3115 308 3210 (a)
322 3116 442 3185 Nonne
460 3118 576 3182 oannis
596 3138 652 3181 res
668 3112 814 3207 estjam
830 3115 867 3182 in
892 3110 999 3196 vead),
1015 3128 1053 3180 ut
1067 3117 1130 3181 Te·

131 3231 260 3298 centius
279 3230 335 3298 ait.
926 3228 928 3231 ’

169 3386 287 3473 ltaque
300 3380 387 3448 hanc
397 3379 657 3472 disputationem
669 3376 980 3470 animocompl'cxus
991 3379 1129 3445 univer-

131 3523 199 3567 sam
210 3549 219 3583 ,
231 3496 413 3588 Josephum
429 3519 601 3562 consenex
617 3492 785 3584 corruptis
806 3492 956 3561 fontibus
981 3493 1131 3562 hausisse

129 3637 205 3706 quae
231 3627 299 3680 tam
323 3609 464 3678 fidenter
488 3609 660 3700 exposuit,
687 3622 718 3673 et
753 3610 952 3675 commentis
982 3608 1132 3700 undique

172 3809 213 3886 (r)
234 3812 265 3864 B.
284 3807 373 3864 Clam.
388 3803 468 3861 Alex.
484 3807 591 3862 Strom.
608 3808 627 3859 l.
644 3825 668 3858 r.

172 3908 213 3984 (2)
236 3905 278 3961 (tf.
292 3901 445 3959 Rciocsius
460 3901 496 3960 dc
512 3901 608 3979 lingua
624 3901 741 3957 Punica.
756 3922 780 3955 c.
793 3921 853 3958 eru.
