2534 4522
613 163 657 259 73

136 308 312 397 «tntillum,
333 312 480 405 itemque
512 337 572 380 nee
601 311 731 406 planta,
754 337 814 380 nec
841 310 934 391 lucus
960 336 1019 379 nec
1038 307 1130 378 aliud

135 427 318 521 quidquam
342 426 535 519 hujusmodi
552 455 559 496 :
575 412 711 524 Ᾰγαλμα
734 422 768 498 δὲ
798 434 851 498 οὐκ
867 432 950 498 ἔστιν
968 419 1040 496 οὐδὲ
1056 427 1129 494 ἀνά-

135 544 219 637 θημα
246 546 444 639 τοπαράπαν.
475 537 559 614 Οὐδὲ
586 548 727 640 φύτευμα
752 551 910 624 παντελῶς
940 534 1040 629 οὐδὲν,
1070 542 1130 611 οἷον

134 652 271 738 ἀλσῶδες
282 661 302 734 ἥ
313 686 345 726 τι
356 649 518 753 τοιοῦτον(
523 650 566 753 1)·
581 662 635 730 Sic
649 674 762 728 noster
776 658 825 755 (et
834 658 956 752 probo)
967 659 1008 726 ab
1020 657 1130 725 omni÷

135 775 197 844 bus
216 776 330 868 graecis
357 773 511 844 latinisve
535 775 686 844 dissentit
701 775 935 869 scriptoribus,
952 774 1009 866 qui
1030 772 1133 844 fabu·.

135 887 217 957 lam'
232 888 275 956 de
301 889 384 960 asini
409 888 590 958 simulacro
622 889 862 985 prodiderunt,
893 903 925 958 et
950 885 1129 957 voluerunt

136 1004 192 1074 aiii
216 990 431 1097 asinum‚'alii
454 1005 538 1072 asini
562 1021 676 1099 caput,
695 1003 750 1074 atii
767 1005 940 1073 bominem
959 1004 1054 1072 asino
1075 1003 1128 1070 in·

79 1203 80 1206 Ἴ
135 1118 297 1188 sidentem
337 1120 370 1186 in
409 1117 602 1188 Judaeorum
640 1118 768 1212 templo
809 1117 911 1186 fuisse
949 1131 1127 1185 sacratum.

133 1261 150 1296 «
171 1231 328 1327 Effigiem
346 1230 512 1320 animalis,
531 1231 579 1301 ait
596 1230 774 1302 Cornelius
786 1233 937 1316 Tacitus,
955 1255 1022 1324 quo
1036 1255 1132 1298 mon-

138 1377 153 1410 «
169 1361 297 1416 strante
319 1371 467 1416 errorem
485 1348 648 1442 sitimque
671 1346 871 1442 depulerant
891 1344 1052 1440 penetrali
1081 1369 1130 1413 sa·

133 1492 149 1525 n
164 1485 299 1529 cratere
315 1459 379 1553 (a).
396 1490 412 1525 u
430 1463 553 1531 Nonne
571 1475 682 1529 autem
708 1461 869 1530 videntur
890 1461 960 1529 baec
982 1460 1126 1528 Hecataei

132 1578 244 1660 verba,
257 1601 325 1644 non
335 1591 465 1645 tautum
480 1601 593 1645 avero
607 1575 715 1646 aliena
724 1593 844 1664 esse,at
853 1576 927 1645 ideo
934 1575 1034 1645 fuisse
1047 1600 1128 1643 con·

131 1692 266 1784 scripta,
283 1705 321 1759 ut
332 1690 455 1759 Judaeis
473 1690 634 1785 majorem
651 1691 782 1784 laudem
803 1705 972 1786 pararent,
993 1713 1128 1761 unines·

131 1830 199 1898 que
219 1781 441 1873 Etbnicorum
463 1787 721 1874 detrectationes
741 1806 969 1874 confutarent.
989 1807 1129 1874 Constat

131 1919 223 1985 enim
242 1905 555 2012 Hierosolymorum
575 1916 752 2014 templum,
777 1919 866 2012 quod
891 1918 932 1986 ad
948 1919 1127 2012 imaginem

133 2032 225 2102 iilius
243 2031 450 2103 tabernaculi
472 2035 562 2127 quod
588 2035 656 2128 ipse
668 2039 762 2105 Deus
777 2033 1014 2120 delineaverat,
1029 2033 1130 2101 fuerit

130 2162 349 2236 exstructum,
357 2149 440 2233 duas
456 2149 723 2218 cherubinorum
733 2164 859 2219 statuas
869 2149 1042 2219 habuisse:
1065 2151 1129 2217 Καὶ

130 2265 260 2341 ἐλάλησε
279 2259 390 2361 Κύρνος
406 2269 480 2358 πρὸς
496 2272 645 2353 Μωϋσῆν,
660 2269 774 2361 λέγων·
846 2268 897 2335 καὶ
921 2272 1055 2344 ποιήσεις
1072 2257 1127 2333 δύο

85 2416 86 2419 “
130 2376 290 2474 Χεραυέὶμ
308 2382 545 2476 χρυσατόρευτὰ,
562 2383 614 2449 καὶ
629 2381 779 2463 ἐπιθήσεις
798 2380 879 2450 αὐτὰ
897 2376 936 2475 ἐξ
949 2382 1127 2476 ἀμφοτέρων

131 2506 194 2564 τῶν
217 2503 327 2565 κλιπῶν
360 2507 416 2578 τοῦ
434 2497 624 2591 ἱλαστηρίου.
650 2478 786 2566 douvres
803 2500 830 2567 oi
854 2493 1013 2591 Χερονίὶμ
1032 2496 1127 2565 ἐκτεί-

130 2637 234 2692 νοντες
257 2611 313 2692 τὰς
338 2615 492 2708 πτέρυγας
511 2611 661 2682 ἐπάνωθεν
683 2608 895 2693 συσκιάζοντες
915 2616 944 2680 ἐν
970 2621 1039 2690 ταῖς
1055 2613 1129 2679 πτέ·

133 2721 214 2818 ρυξιν
231 2732 332 2796 αὐτῶν
349 2727 399 2798 ἐπὶ
416 2739 472 2796 τοῦ
493 2727 720 2820 ἱλαστηρίου..κ
749 2731 792 2796 Et
826 2725 958 2796 locutus
987 2740 1037 2794 est
1064 2727 1130 2793 Do·

131 2869 149 2904 «
168 2842 277 2930 minus
298 2842 339 2911 ad
365 2846 515 2936 Moyscm
541 2842 675 2911 dicens:
758 2857 791 2910 et
811 2842 911 2913 facies
937 2842 1022 2911 duos
1051 2841 1130 2924 chef
1224 2856 1225 2861 ’

133 2987 150 3020 «
170 2957 282 3025 rubim
298 2956 623 3037 aureostornatiles.
633 2973 665 3027 et
687 2959 839 3053 impones
854 2983 910 3026 eos
923 2983 962 3025 ex
978 2958 1130 3049 utrisque

133 3101 151 3133 «ι
171 3071 332 3141 lateribus
354 3071 592 3166 propitiatorii.
615 3076 726 3142 Erunt
754 3073 929 3143 cherubim
953 3072 1131 3141 extenden-

138 3216 155 3249 «
174 3201 223 3256 tes
253 3186 322 3257 alas
348 3189 503 3280 desuper,
535 3189 777 3259 obumbrantes
796 3191 834 3258 in
855 3188 916 3258 alis
944 3189 1013 3258 suis
1029 3213 1131 3281 super

134 3304 441 3397 «propitiatorium
462 3301 529 3398 (3).
571 3334 588 3368 n
626 3305 727 3373 Unde
769 3305 872 3400 igitur
901 3303 1048 3372 affirmat
1075 3302 1131 3370 itte

134 3419 244 3486 bonus
258 3422 432 3486 Hecataeus
449 3411 535 3488 οὐδὲν
553 3419 680 3515 ἄγαλμα
694 3420 726 3487 in
735 3418 1043 3514 Hierosolymorum
1055 3433 1131 3484 tem·

133 3532 190 3626 plo
208 3533 386 3618 contineri,
408 3536 470 3601 nisi
496 3532 607 3621 veliet,
631 3535 823 3604 Judaeorum
849 3559 954 3613 more,
988 3533 1019 3600 id
1039 3531 1131 3625 quod

134 3647 233 3740 objici
254 3663 364 3742 posset
382 3651 574 3718 mentiendo
590 3675 757 3720 amovere.
824 3712 825 3716 ,

173 3849 412 3930 (1)10⁵·0r·11·
427 3852 845 3932 nott-(uenenum.
864 3854 939 3930 nte.
957 3857 991 3911 ν.
1007 3872 1031 3910 c.
1051 3873 1089 3938 tv.

175 3949 213 4026 (a)
235 3949 328 4008 uxot.
340 3955 435 4010 xxv.
452 3951 496 4007 18.
1084 3948 1086 3952 ’
