2534 4522
532 210 577 281 38

56 389 72 424 α
89 386 130 429 ex
142 385 221 430 aere
244 363 361 448 missa,
376 361 457 429 deos
471 375 507 429 ut
518 359 668 430 colerent
682 359 892 430 mandavisse
906 388 913 432 :
925 386 1002 431 uam
1017 378 1050 430 et

56 505 72 536 ν
93 475 256 571 religiosae
283 477 415 571 pietatis
447 500 528 571 ergo
550 476 593 544 ad
612 475 752 544 deorum
772 475 900 545 venisse
920 477 1053 545 habita-

57 622 74 654 «
92 591 186 679 cula,
210 592 397 685 eodemque
416 592 545 660 honore
572 615 711 659 uxorem
743 617 879 686 quoque
901 614 994 662 suam
1019 606 1075 662 et.

58 733 75 768 «
95 703 200 775 filiam
217 721 249 774 et
268 705 596 775 navis'architectum
613 704 689 773 frui.
711 709 798 774 Tum
818 705 934 774 iisdem
950 706 1055 802 irnpe-

60 845 184 889 arasse
203 835 241 889 ut
262 820 466 913 Babylonem
488 819 651 904 redirent,
674 834 707 888 et
738 847 779 888 ex
797 820 939 891 deorum
958 844 1054 890 mau-

62 965 77 994 u
97 935 196 1017 dato,
220 935 280 1029 qui
304 937 339 1002 in
360 935 511 1029 Sipparis
525 935 611 1003 urbe
626 935 755 1004 conditi
773 935 926 1017 fuerant,
943 933 1056 1005 libros

63 1079 79 1112 a
95 1047 288 1119 effoderent
302 1049 608 1144 atquehominibus
622 1050 810 1136 traderent3
824 1050 933 1119 locum
944 1064 1055 1119 autem

64 1194 80 1228 a
96 1164 132 1231 iu
145 1189 213 1257 qno
225 1187 310 1232 nave
321 1164 442 1256 egressi
453 1179 534 1232 tunc
552 1163 977 1235 institerinthrmeniorum
989 1188 1061 1233 esse

65 1307 82 1342 a
103 1279 284 1370 regionem.
306 1281 386 1346 llaec
404 1278 518 1346 omnia
535 1277 672 1347 edoctos
691 1276 861 1348 celebrato
881 1279 944 1347 diis
954 1281 1059 1348 sacri·
1132 1349 1138 1357 ,

51 1424 82 1474 νιι
101 1391 179 1461 ficio
205 1391 408 1486 Babylonem
431 1392 579 1486 pedestri
601 1393 719 1461 itinere
745 1393 967 1462 contendisse.
981 1390 1065 1485 Ejus

67 1539 82 1570 α
99 1508 234 1602 navigii,
258 1508 348 1602 quod
378 1508 512 1577 demum
538 1509 687 1578 substitit
706 1510 740 1576 in
769 1508 946 1598 Armenia3
976 1506 1065 1602 frag-

67 1655 84 1688 «
99 1637 251 1693 mentum
271 1622 411 1717 aliquod
426 1625 460 1692 in
476 1624 719 1718 Gordyaeorum
733 1624 934 1693 Armeniaco
951 1636 1066 1692 monte

70 1767 86 1798 ν
104 1751 220 1806 nostra
243 1737 354 1804 adhuc
378 1750 475 1807 aetate
505 1735 671 1828 reliquum
693 1761 764 1805 esse
784 1738 890 1806 aiunt.
916 1736 1009 1826 Quin
1034 1751 1069 1805 et

73 1852 93 1913 ιε’
105 1832 237 1919 erasum
251 1849 403 1919 bitumen
415 1849 552 1942 quidam
569 1849 646 1917 inde
661 1849 811 1919 referunt
824 1848 963 1919 remedii
978 1874 1070 1918 amu
1169 1895 1175 1904 -

68 1962 89 2030 'a
113 1964 239 2060 letique
255 1989 353 2036 causa
375 1965 417 2032 ad
438 1964 583 2034 infausta
599 1990 741 2060 quaeque
760 1965 1028 2035 averruncanda.

122 2111 139 2146 a
156 2078 209 2150 llli
239 2092 351 2147 alitem
385 2077 591 2172 Babylonem
626 2079 765 2172 profecti
798 2078 902 2148 libros
924 2104 964 2149 ex
989 2081 1071 2148 urbe

74 2227 90 2262 α
106 2195 256 2290 Sipparis
286 2184 455 2283 effodisse,
482 2193 606 2287 oppida
629 2194 732 2262 multa
759 2195 968 2281 condidisse,
993 2191 1071 2264 fana

77 2311 249 2380 «deorum
269 2311 445 2393 struxisse,
464 2307 736 2404 Babylonemque
753 2310 937 2378 restituisse
958 2308 1068 2378 fertin-

77 2443 178 2496 «tur.
204 2428 290 2514 Quae
323 2426 483 2493 hactenus
511 2424 600 2493 dicta
622 2439 701 2494 sunt
721 2441 948 2520 praetereaque
971 2426 1075 2494 torris

79 2541 290 2612 «aedificium
317 2556 480 2609 memorat
509 2539 700 2635 Polyhistor
735 2566 828 2635 paene
859 2540 901 2608 ad
928 2539 1074 2610 litteram

79 2685 95 2721 a
111 2680 189 2725 cum
209 2653 303 2722 libris
319 2655 424 2723 Mosis
439 2654 503 2723 hoc
517 2668 617 2748 pacto
634 2655 856 2724 consentiens.
879 2685 896 2719 »

128 2770 192 2839 Hic
232 2768 343 2837 forsan
378 2767 499 2861 aliquis
538 2766 800 2837 calumniabitur
836 2783 869 2837 et
908 2767 1076 2837 dubitavit

82 2911 127 2956 an
150 2883 308 2952 nimirum
331 2882 418 2950 idem
446 2880 501 2950 ille
526 2883 570 2950 sit
591 2883 686 2951 hicce
710 2884 826 2954 Berosi
844 2882 949 2969 locus,
977 2906 1077 2977 quem

83 3000 248 3094 Iosephus
277 2997 460 3092 perlectum
498 2995 661 3065 retulerit.
697 2999 830 3067 Atenim
863 3023 915 3067 res
947 2997 1018 3091 ipsa
1036 2995 1077 3066 li·

87 3154 115 3214 δὲ
126 3155 156 3213 ἐκ
171 3159 218 3213 τοῦ
228 3153 303 3236 ἀέρος
314 3153 434 3236 γενέσθαι
446 3151 603 3214 κελεύουσαν
616 3198 624 3227 ,
636 3157 671 3222 ὡς
682 3153 739 3213 δέον
751 3153 845 3222 abraba
856 3144 923 3213 eleas
935 3155 1081 3224 θεσσεὸνῖς·

87 3253 132 3314 καὶ
144 3251 194 3334 γὰρ
207 3252 283 3312 αὐτὸν
294 3253 337 3312 διὰ
345 3250 393 3325 cha
406 3250 538 3312 εὖσέὸειαν
546 3249 703 3334 πορεύεσθαι
715 3251 841 3330 μετὰτῶν
854 3255 919 3311 θεῶν
931 3253 1081 3326 οἰκήσοντα·

89 3354 136 3421 τῆς
145 3347 173 3408 δὲ
185 3350 266 3420 αὐτῆς
277 3354 356 3426 τιμῆς
366 3349 410 3408 καὶ
426 3348 474 3422 τὴν
488 3357 599 3428 γυναῖκα
612 3351 692 3408 αὐτοῦ
703 3347 747 3406 καλ
767 3345 815 3420 τὴν
830 3351 961 3434 θυγατέρα
980 3351 1086 3412 καὶτὸν

90 3444 252 3526 κυὸερνήτην
264 3447 465 3525 μετεσχηκέναι.
477 3435 561 3504 Εἶπέν
577 3467 607 3503 τε
619 3447 706 3510 αὐτοῖς
724 3443 765 3503 ὅτι
777 3443 931 3505 ἐλεύσονται
954 3448 1035 3506 πάλιν
1050 3450 1086 3515 εἰς

91 3543 258 3604 Βαὸυλῶνα·
273 3542 319 3602 καὶ
336 3545 371 3609 ὡς
386 3543 512 3624 εἵμαρται
530 3543 632 3614 αὐτοῖς,
649 3542 679 3599 ἐκ
701 3540 846 3626 Σιππάρων
867 3543 1033 3622 ἀνελομένοις
1052 3544 1087 3604 τὰ

92 3642 238 3724 γράμματα
254 3641 388 3700 διαδοῦναι
406 3650 460 3708 τοῖς
483 3637 646 3718 ἀνθρώποις·
666 3639 712 3696 καὶ
736 3638 777 3700 ὅτι
796 3642 863 3700 ὅπου
881 3641 993 3717 eloim]
1010 3641 1090 3725 χώρα-

93 3738 229 3822 Ἀρμενίας
239 3738 303 3798 ἐστί.
316 3736 386 3804 Τοὺς
403 3735 430 3796 δὲ
444 3734 606 3802 ἀκούσαντας
626 3740 710 3795 ταῦτα
732 3738 810 3798 θῦσαί
824 3763 854 3799 τε
866 3747 919 3805 τοῖς
939 3743 1022 3814 Θεοῖς,
1044 3740 1091 3802 καλ
1190 3788 1197 3803 .

95 3838 161 3915 πεζῇ
173 3839 330 3915 πορευθῆναι
344 3837 380 3901 εἰς
393 3833 552 3925 Βαὸυλρῗννα.
564 3839 609 3894 Ex
622 3837 767 3914 Syncello.
784 3857 812 3915 ρ.
834 3839 881 3898 3o.
893 3872 933 3883 -
949 3845 1094 3900 Veterum

96 3935 272 4014 scriptorum
289 3956 364 3992 nova
374 3934 488 3992 collect.
504 3932 573 3992 edit.
586 3932 623 3992 ab
636 3935 747 4012 Angelo
760 3937 850 3995 Maio.
862 3941 939 3998 Vlll.
949 3957 978 4016 p.
995 3947 1093 4012 ily-17.
