<?xml version="1.0" encoding="UTF-8"?>
<!DOCTYPE html PUBLIC "-//W3C//DTD XHTML 1.0 Transitional//EN"
    "http://www.w3.org/TR/xhtml1/DTD/xhtml1-transitional.dtd">
<html xmlns="http://www.w3.org/1999/xhtml" xml:lang="en" lang="en">
 <head>
  <title>
</title>
<meta http-equiv="Content-Type" content="text/html;charset=utf-8" />
  <meta name='ocr-system' content='tesseract 3.04.00' />
  <meta name='ocr-capabilities' content='ocr_page ocr_carea ocr_par ocr_line ocrx_word'/>
</head>
<body>
  <div class='ocr_page' id='page_1' title='image "./deflaviijosephi00cruigoog_0069.png"; bbox 0 0 2534 4522; ppageno 0'>
   <div class='ocr_carea' id='block_1_1' title="bbox 604 198 651 269">
    <p class='ocr_par' dir='ltr' id='par_1_1' title="bbox 604 198 651 269">
     <span class='ocr_line' id='line_1_1' title="bbox 604 198 651 269; baseline -0.085 1"><span class='ocrx_word' id='word_1_1' title='bbox 604 198 651 269; x_wconf 87' lang='lat'><strong>60</strong></span> 
     </span>
    </p>
   </div>
   <div class='ocr_carea' id='block_1_2' title="bbox 66 341 1132 3656">
    <p class='ocr_par' dir='ltr' id='par_1_2' title="bbox 66 341 1132 2166">
     <span class='ocr_line' id='line_1_2' title="bbox 137 341 1132 435; baseline 0.006 -21"><span class='ocrx_word' id='word_1_2' title='bbox 137 344 302 414; x_wconf 90' lang='lat' dir='ltr'><strong>laudaret.</strong></span> <span class='ocrx_word' id='word_1_3' title='bbox 326 341 436 435; x_wconf 87' lang='lat' dir='ltr'><strong>Quid!</strong></span> <span class='ocrx_word' id='word_1_4' title='bbox 454 346 516 416; x_wconf 90' lang='lat' dir='ltr'><strong>sibi</strong></span> <span class='ocrx_word' id='word_1_5' title='bbox 535 347 717 419; x_wconf 86' lang='lat' dir='ltr'><strong>doctissimi</strong></span> <span class='ocrx_word' id='word_1_6' title='bbox 734 364 765 418; x_wconf 87' lang='lat' dir='ltr'><strong>et</strong></span> <span class='ocrx_word' id='word_1_7' title='bbox 788 346 977 419; x_wconf 86' lang='lat' dir='ltr'><strong>excellentis</strong></span> <span class='ocrx_word' id='word_1_8' title='bbox 990 352 1053 419; x_wconf 90' lang='lat' dir='ltr'><strong>viri</strong></span> <span class='ocrx_word' id='word_1_9' title='bbox 1070 356 1132 420; x_wconf 90' lang='lat' dir='ltr'><strong>Re·</strong></span> 
     </span>
     <span class='ocr_line' id='line_1_3' title="bbox 100 458 1129 559; baseline 0.011 -35"><span class='ocrx_word' id='word_1_10' title='bbox 100 519 102 524; x_wconf 90' lang='lat'><em>.</em></span> <span class='ocrx_word' id='word_1_11' title='bbox 138 461 276 530; x_wconf 89' lang='lat' dir='ltr'><strong>naudoti</strong></span> <span class='ocrx_word' id='word_1_12' title='bbox 301 458 568 531; x_wconf 83' lang='lat' dir='ltr'><strong>benevolentiam</strong></span> <span class='ocrx_word' id='word_1_13' title='bbox 600 463 790 535; x_wconf 88' lang='lat' dir='ltr'><strong>conciliavit</strong></span> <span class='ocrx_word' id='word_1_14' title='bbox 812 490 820 533; x_wconf 92' lang='lat'><strong>:</strong></span> <span class='ocrx_word' id='word_1_15' title='bbox 843 489 918 559; x_wconf 80' lang='lat' dir='ltr'><strong>quae</strong></span> <span class='ocrx_word' id='word_1_16' title='bbox 943 490 961 535; x_wconf 86' lang='lat' dir='ltr'><strong>a</strong></span> <span class='ocrx_word' id='word_1_17' title='bbox 989 469 1129 535; x_wconf 81' lang='lat' dir='ltr'><strong>Renau-</strong></span> 
     </span>
     <span class='ocr_line' id='line_1_4' title="bbox 137 575 1131 675; baseline 0.004 -30"><span class='ocrx_word' id='word_1_18' title='bbox 137 577 218 646; x_wconf 84' lang='lat' dir='ltr'><strong>doto</strong></span> <span class='ocrx_word' id='word_1_19' title='bbox 243 575 392 671; x_wconf 88' lang='lat' dir='ltr'><strong>profecta</strong></span> <span class='ocrx_word' id='word_1_20' title='bbox 411 591 490 646; x_wconf 91' lang='lat' dir='ltr'><strong>sunt</strong></span> <span class='ocrx_word' id='word_1_21' title='bbox 510 602 696 675; x_wconf 83' lang='lat' dir='ltr'><strong>cognosce:</strong></span> <span class='ocrx_word' id='word_1_22' title='bbox 721 579 923 652; x_wconf 74' lang='lat' dir='ltr'><strong>«Abrabam</strong></span> <span class='ocrx_word' id='word_1_23' title='bbox 943 580 1024 650; x_wconf 91' lang='lat' dir='ltr'><strong>e&#39;tait</strong></span> <span class='ocrx_word' id='word_1_24' title='bbox 1048 581 1131 650; x_wconf 88' lang='lat' dir='ltr'><strong>sorti</strong></span> 
     </span>
     <span class='ocr_line' id='line_1_5' title="bbox 137 688 1131 790; baseline 0.008 -33"><span class='ocrx_word' id='word_1_25' title='bbox 137 721 154 757; x_wconf 77' lang='lat' dir='ltr'><strong>a</strong></span> <span class='ocrx_word' id='word_1_26' title='bbox 169 692 209 761; x_wconf 91' lang='lat' dir='ltr'><strong>de</strong></span> <span class='ocrx_word' id='word_1_27' title='bbox 225 688 385 778; x_wconf 87' lang='lat' dir='ltr'><strong>Chalde&#39;e,</strong></span> <span class='ocrx_word' id='word_1_28' title='bbox 411 688 455 760; x_wconf 87' lang='lat' dir='ltr'><strong>de</strong></span> <span class='ocrx_word' id='word_1_29' title='bbox 470 718 514 762; x_wconf 86' lang='lat' dir='ltr'><strong>ur</strong></span> <span class='ocrx_word' id='word_1_30' title='bbox 530 693 797 778; x_wconf 61' lang='lat' dir='ltr'><strong>chaldeorum,</strong></span> <span class='ocrx_word' id='word_1_31' title='bbox 819 693 876 764; x_wconf 91' lang='lat' dir='ltr'><strong>des</strong></span> <span class='ocrx_word' id='word_1_32' title='bbox 897 695 1131 790; x_wconf 86' lang='lat' dir='ltr'><strong>temoignages</strong></span> 
     </span>
     <span class='ocr_line' id='line_1_6' title="bbox 136 806 1130 918; baseline 0.007 -47"><span class='ocrx_word' id='word_1_33' title='bbox 136 836 153 871; x_wconf 77' lang='lat' dir='ltr'><strong>a</strong></span> <span class='ocrx_word' id='word_1_34' title='bbox 173 807 213 875; x_wconf 90' lang='lat' dir='ltr'><strong>de</strong></span> <span class='ocrx_word' id='word_1_35' title='bbox 230 811 354 876; x_wconf 87' lang='lat' dir='ltr'><strong>Rerose</strong></span> <span class='ocrx_word' id='word_1_36' title='bbox 379 820 420 918; x_wconf 60' lang='lat' dir='ltr'><strong>et,</strong></span> <span class='ocrx_word' id='word_1_37' title='bbox 434 806 673 904; x_wconf 92' lang='lat' dir='ltr'><strong>d’Eupolemus</strong></span> <span class='ocrx_word' id='word_1_38' title='bbox 694 811 776 880; x_wconf 78' lang='lat' dir='ltr'><strong>cites</strong></span> <span class='ocrx_word' id='word_1_39' title='bbox 801 835 863 904; x_wconf 91' lang='lat' dir='ltr'><strong>par</strong></span> <span class='ocrx_word' id='word_1_40' title='bbox 881 811 1014 879; x_wconf 90' lang='lat' dir='ltr'><strong>Eusebe</strong></span> <span class='ocrx_word' id='word_1_41' title='bbox 1034 807 1130 907; x_wconf 85' lang='lat' dir='ltr'><strong>liv.9</strong></span> 
     </span>
     <span class='ocr_line' id='line_1_7' title="bbox 137 921 1130 1021; baseline 0.009 -36"><span class='ocrx_word' id='word_1_42' title='bbox 137 922 211 990; x_wconf 84' lang='lat' dir='ltr'><strong>«de</strong></span> <span class='ocrx_word' id='word_1_43' title='bbox 230 921 371 1014; x_wconf 87' lang='lat' dir='ltr'><strong>laPre&#39;p.</strong></span> <span class='ocrx_word' id='word_1_44' title='bbox 399 924 528 1017; x_wconf 88' lang='lat' dir='ltr'><strong>Evang.</strong></span> <span class='ocrx_word' id='word_1_45' title='bbox 555 939 724 1018; x_wconf 91' lang='lat' dir='ltr'><strong>prouvent</strong></span> <span class='ocrx_word' id='word_1_46' title='bbox 740 922 820 1018; x_wconf 93' lang='lat' dir='ltr'><strong>qu&#39;il</strong></span> <span class='ocrx_word' id='word_1_47' title='bbox 844 922 925 993; x_wconf 70' lang='lat' dir='ltr'><strong>ftait</strong></span> <span class='ocrx_word' id='word_1_48' title='bbox 945 922 987 994; x_wconf 75' lang='grc' dir='ltr'><strong>τὰ</strong></span> <span class='ocrx_word' id='word_1_49' title='bbox 1005 927 1130 1021; x_wconf 80' lang='grc' dir='ltr'>οὐράνια</span> 
     </span>
     <span class='ocr_line' id='line_1_8' title="bbox 66 1035 1129 1132; baseline 0 -26"><span class='ocrx_word' id='word_1_50' title='bbox 66 1054 69 1059; x_wconf 87' lang='grc'><strong>’</strong></span> <span class='ocrx_word' id='word_1_51' title='bbox 138 1059 157 1098; x_wconf 75' lang='lat' dir='ltr'><strong>e</strong></span> <span class='ocrx_word' id='word_1_52' title='bbox 168 1041 321 1132; x_wconf 77' lang='grc' dir='ltr'><strong>ἔμπειρος,</strong></span> <span class='ocrx_word' id='word_1_53' title='bbox 339 1052 489 1125; x_wconf 72' lang='lat' dir='ltr'><strong>sperant</strong></span> <span class='ocrx_word' id='word_1_54' title='bbox 501 1035 652 1108; x_wconf 83' lang='lat' dir='ltr'><strong>dunsles</strong></span> <span class='ocrx_word' id='word_1_55' title='bbox 667 1039 792 1110; x_wconf 77' lang='lat' dir='ltr'><strong>choses</strong></span> <span class='ocrx_word' id='word_1_56' title='bbox 810 1037 977 1126; x_wconf 83' lang='lat' dir='ltr'><strong>ce&#39;lestes‚·</strong></span> <span class='ocrx_word' id='word_1_57' title='bbox 1000 1054 1034 1108; x_wconf 89' lang='lat' dir='ltr'><strong>et</strong></span> <span class='ocrx_word' id='word_1_58' title='bbox 1049 1037 1129 1132; x_wconf 92' lang='lat' dir='ltr'><strong>qu’il</strong></span> 
     </span>
     <span class='ocr_line' id='line_1_9' title="bbox 137 1146 1131 1248; baseline 0.007 -34"><span class='ocrx_word' id='word_1_59' title='bbox 137 1151 258 1220; x_wconf 85' lang='lat' dir='ltr'><strong>«avait</strong></span> <span class='ocrx_word' id='word_1_60' title='bbox 276 1146 411 1220; x_wconf 72' lang='lat' dir='ltr'><strong>invente</strong></span> <span class='ocrx_word' id='word_1_61' title='bbox 433 1148 657 1224; x_wconf 87' lang='lat' dir='ltr'><strong>l’astronomie</strong></span> <span class='ocrx_word' id='word_1_62' title='bbox 685 1168 719 1222; x_wconf 89' lang='lat' dir='ltr'><strong>et</strong></span> <span class='ocrx_word' id='word_1_63' title='bbox 734 1150 937 1248; x_wconf 88' lang='lat' dir='ltr'><strong>l’astrologie</strong></span> <span class='ocrx_word' id='word_1_64' title='bbox 950 1180 962 1248; x_wconf 84' lang='lat' dir='ltr'>J</span> <span class='ocrx_word' id='word_1_65' title='bbox 969 1153 1131 1223; x_wconf 86' lang='lat' dir='ltr'><strong>udiciaire</strong></span> 
     </span>
     <span class='ocr_line' id='line_1_10' title="bbox 120 1255 1128 1369; baseline 0.006 -36"><span class='ocrx_word' id='word_1_66' title='bbox 120 1268 220 1369; x_wconf 23' lang='grc' dir='ltr'><strong>’(ίκαὶ</strong></span> <span class='ocrx_word' id='word_1_67' title='bbox 246 1273 302 1344; x_wconf 75' lang='grc' dir='ltr'><strong>τὴν</strong></span> <span class='ocrx_word' id='word_1_68' title='bbox 327 1255 540 1364; x_wconf 82' lang='grc' dir='ltr'>Ᾰστρολογίαν</span> <span class='ocrx_word' id='word_1_69' title='bbox 568 1271 620 1338; x_wconf 81' lang='grc' dir='ltr'><strong>καὶ</strong></span> <span class='ocrx_word' id='word_1_70' title='bbox 647 1272 703 1344; x_wconf 75' lang='grc' dir='ltr'><strong>τὴν</strong></span> <span class='ocrx_word' id='word_1_71' title='bbox 733 1262 915 1347; x_wconf 69' lang='grc' dir='ltr'>Χαλδαϊκὴν</span> <span class='ocrx_word' id='word_1_72' title='bbox 944 1276 1049 1363; x_wconf 80' lang='grc' dir='ltr'>εὑρεῖν.</span> <span class='ocrx_word' id='word_1_73' title='bbox 1080 1272 1128 1339; x_wconf 84' lang='lat' dir='ltr'><strong>La</strong></span> 
     </span>
     <span class='ocr_line' id='line_1_11' title="bbox 137 1380 1128 1476; baseline 0.007 -31"><span class='ocrx_word' id='word_1_74' title='bbox 137 1380 302 1474; x_wconf 77' lang='lat' dir='ltr'><strong>aplupart</strong></span> <span class='ocrx_word' id='word_1_75' title='bbox 326 1382 382 1453; x_wconf 88' lang='lat' dir='ltr'><strong>des</strong></span> <span class='ocrx_word' id='word_1_76' title='bbox 400 1385 534 1452; x_wconf 80' lang='lat' dir='ltr'><strong>enciens</strong></span> <span class='ocrx_word' id='word_1_77' title='bbox 552 1396 613 1451; x_wconf 92' lang='lat' dir='ltr'><strong>ont</strong></span> <span class='ocrx_word' id='word_1_78' title='bbox 629 1408 688 1452; x_wconf 93' lang='lat' dir='ltr'><strong>cru</strong></span> <span class='ocrx_word' id='word_1_79' title='bbox 710 1407 776 1476; x_wconf 90' lang='lat' dir='ltr'><strong>que</strong></span> <span class='ocrx_word' id='word_1_80' title='bbox 792 1407 846 1452; x_wconf 90' lang='lat' dir='ltr'><strong>ces</strong></span> <span class='ocrx_word' id='word_1_81' title='bbox 869 1384 1025 1467; x_wconf 85' lang='lat' dir='ltr'><strong>sciences‚</strong></span> <span class='ocrx_word' id='word_1_82' title='bbox 1042 1384 1128 1452; x_wconf 91' lang='lat' dir='ltr'><strong>ainsi</strong></span> 
     </span>
     <span class='ocr_line' id='line_1_12' title="bbox 136 1495 1130 1589; baseline 0.003 -26"><span class='ocrx_word' id='word_1_83' title='bbox 136 1523 154 1558; x_wconf 76' lang='lat' dir='ltr'><strong>&lt;t</strong></span> <span class='ocrx_word' id='word_1_84' title='bbox 170 1520 237 1588; x_wconf 87' lang='lat' dir='ltr'><strong>que</strong></span> <span class='ocrx_word' id='word_1_85' title='bbox 256 1495 421 1589; x_wconf 80' lang='lat' dir='ltr'><strong>plusieurs</strong></span> <span class='ocrx_word' id='word_1_86' title='bbox 447 1512 560 1568; x_wconf 83' lang='lat' dir='ltr'><strong>autres</strong></span> <span class='ocrx_word' id='word_1_87' title='bbox 579 1498 664 1566; x_wconf 90' lang='lat' dir='ltr'><strong>dont</strong></span> <span class='ocrx_word' id='word_1_88' title='bbox 684 1523 728 1566; x_wconf 89' lang='lat' dir='ltr'><strong>on</strong></span> <span class='ocrx_word' id='word_1_89' title='bbox 750 1497 796 1567; x_wconf 91' lang='lat' dir='ltr'><strong>lui</strong></span> <span class='ocrx_word' id='word_1_90' title='bbox 816 1499 962 1568; x_wconf 82' lang='lat' dir='ltr'><strong>attribue</strong></span> <span class='ocrx_word' id='word_1_91' title='bbox 986 1497 1130 1566; x_wconf 86' lang='lat' dir='ltr'><strong>l&#39;inven·</strong></span> 
     </span>
     <span class='ocr_line' id='line_1_13' title="bbox 138 1609 1130 1706; baseline 0.005 -31"><span class='ocrx_word' id='word_1_92' title='bbox 138 1610 267 1695; x_wconf 80' lang='lat' dir='ltr'><strong>«tion,</strong></span> <span class='ocrx_word' id='word_1_93' title='bbox 293 1609 455 1680; x_wconf 88' lang='lat' dir='ltr'><strong>n&#39;e&#39;taient</strong></span> <span class='ocrx_word' id='word_1_94' title='bbox 481 1636 540 1706; x_wconf 90' lang='lat' dir='ltr'><strong>pas</strong></span> <span class='ocrx_word' id='word_1_95' title='bbox 569 1625 642 1680; x_wconf 90' lang='lat' dir='ltr'><strong>tant</strong></span> <span class='ocrx_word' id='word_1_96' title='bbox 660 1610 796 1680; x_wconf 90' lang='lat' dir='ltr'><strong>fonde&#39;es</strong></span> <span class='ocrx_word' id='word_1_97' title='bbox 819 1636 878 1680; x_wconf 90' lang='lat' dir='ltr'><strong>sur</strong></span> <span class='ocrx_word' id='word_1_98' title='bbox 905 1636 958 1680; x_wconf 86' lang='lat' dir='ltr'><strong>ses</strong></span> <span class='ocrx_word' id='word_1_99' title='bbox 985 1634 1130 1705; x_wconf 90' lang='lat' dir='ltr'><strong>propres</strong></span> 
     </span>
     <span class='ocr_line' id='line_1_14' title="bbox 138 1723 1130 1821; baseline 0.002 -29"><span class='ocrx_word' id='word_1_100' title='bbox 138 1751 155 1786; x_wconf 76' lang='grc' dir='ltr'><strong>ι(</strong></span> <span class='ocrx_word' id='word_1_101' title='bbox 172 1723 402 1795; x_wconf 76' lang='lat' dir='ltr'><strong>observatione</strong></span> <span class='ocrx_word' id='word_1_102' title='bbox 423 1752 488 1821; x_wconf 90' lang='lat' dir='ltr'><strong>que</strong></span> <span class='ocrx_word' id='word_1_103' title='bbox 517 1750 574 1793; x_wconf 90' lang='lat' dir='ltr'><strong>sur</strong></span> <span class='ocrx_word' id='word_1_104' title='bbox 603 1750 641 1793; x_wconf 88' lang='lat' dir='ltr'><strong>ce</strong></span> <span class='ocrx_word' id='word_1_105' title='bbox 659 1723 739 1818; x_wconf 91' lang='lat' dir='ltr'><strong>qu’il</strong></span> <span class='ocrx_word' id='word_1_106' title='bbox 766 1729 860 1794; x_wconf 84' lang='lat' dir='ltr'><strong>avait</strong></span> <span class='ocrx_word' id='word_1_107' title='bbox 885 1727 999 1820; x_wconf 86' lang='lat' dir='ltr'><strong>appris</strong></span> <span class='ocrx_word' id='word_1_108' title='bbox 1019 1725 1130 1794; x_wconf 91' lang='lat' dir='ltr'><strong>deses</strong></span> 
     </span>
     <span class='ocr_line' id='line_1_15' title="bbox 137 1838 1130 1932; baseline 0.001 -26"><span class='ocrx_word' id='word_1_109' title='bbox 137 1863 155 1900; x_wconf 74' lang='lat' dir='ltr'><strong>&lt;t</strong></span> <span class='ocrx_word' id='word_1_110' title='bbox 175 1839 293 1932; x_wconf 74' lang='lat' dir='ltr'><strong>peres:</strong></span> <span class='ocrx_word' id='word_1_111' title='bbox 310 1856 343 1909; x_wconf 82' lang='lat' dir='ltr'><strong>c&#39;t</strong></span> <span class='ocrx_word' id='word_1_112' title='bbox 366 1866 407 1910; x_wconf 88' lang='lat' dir='ltr'><strong>en</strong></span> <span class='ocrx_word' id='word_1_113' title='bbox 429 1855 621 1910; x_wconf 88' lang='lat' dir='ltr'><strong>remontant</strong></span> <span class='ocrx_word' id='word_1_114' title='bbox 643 1840 663 1909; x_wconf 67' lang='lat' dir='ltr'><strong>“a</strong></span> <span class='ocrx_word' id='word_1_115' title='bbox 682 1838 714 1908; x_wconf 87' lang='lat' dir='ltr'><strong>la</strong></span> <span class='ocrx_word' id='word_1_116' title='bbox 734 1865 871 1926; x_wconf 88' lang='lat' dir='ltr'><strong>source,</strong></span> <span class='ocrx_word' id='word_1_117' title='bbox 894 1855 980 1909; x_wconf 88' lang='lat' dir='ltr'><strong>cette</strong></span> <span class='ocrx_word' id='word_1_118' title='bbox 999 1840 1130 1909; x_wconf 90' lang='lat' dir='ltr'><strong>science</strong></span> 
     </span>
     <span class='ocr_line' id='line_1_16' title="bbox 137 1949 1132 2050; baseline 0.005 -30"><span class='ocrx_word' id='word_1_119' title='bbox 137 1980 154 2014; x_wconf 89' lang='grc'>«</span> <span class='ocrx_word' id='word_1_120' title='bbox 176 1977 195 2020; x_wconf 91' lang='lat' dir='ltr'><strong>a</strong></span> <span class='ocrx_word' id='word_1_121' title='bbox 217 1949 270 2024; x_wconf 70' lang='lat' dir='ltr'><strong>dte</strong></span> <span class='ocrx_word' id='word_1_122' title='bbox 292 1953 439 2024; x_wconf 71' lang='lat' dir='ltr'><strong>attribue</strong></span> <span class='ocrx_word' id='word_1_123' title='bbox 460 1956 479 2025; x_wconf 76' lang='lat' dir='ltr'><strong>b</strong></span> <span class='ocrx_word' id='word_1_124' title='bbox 497 1954 621 2040; x_wconf 86' lang='lat' dir='ltr'><strong>Adam,</strong></span> <span class='ocrx_word' id='word_1_125' title='bbox 643 1979 774 2024; x_wconf 88' lang='lat' dir='ltr'><strong>comme</strong></span> <span class='ocrx_word' id='word_1_126' title='bbox 802 1953 846 2024; x_wconf 93' lang='lat' dir='ltr'><strong>lui</strong></span> <span class='ocrx_word' id='word_1_127' title='bbox 869 1969 970 2050; x_wconf 87' lang='lat' dir='ltr'><strong>ayant</strong></span> <span class='ocrx_word' id='word_1_128' title='bbox 989 1952 1042 2024; x_wconf 74' lang='lat' dir='ltr'><strong>ete</strong></span> <span class='ocrx_word' id='word_1_129' title='bbox 1068 1957 1132 2025; x_wconf 89' lang='lat' dir='ltr'><strong>ins·</strong></span> 
     </span>
     <span class='ocr_line' id='line_1_17' title="bbox 136 2071 540 2166; baseline 0.012 -34"><span class='ocrx_word' id='word_1_130' title='bbox 136 2098 153 2132; x_wconf 81' lang='lat' dir='ltr'><strong>u</strong></span> <span class='ocrx_word' id='word_1_131' title='bbox 173 2071 263 2165; x_wconf 67' lang='lat' dir='ltr'><strong>plrde</strong></span> <span class='ocrx_word' id='word_1_132' title='bbox 281 2072 322 2140; x_wconf 87' lang='lat' dir='ltr'><strong>de</strong></span> <span class='ocrx_word' id='word_1_133' title='bbox 340 2071 509 2166; x_wconf 72' lang='lat' dir='ltr'><strong>Dieu(1).</strong></span> <span class='ocrx_word' id='word_1_134' title='bbox 523 2102 540 2137; x_wconf 81' lang='lat' dir='ltr'><strong>u</strong></span> 
     </span>
    </p>

    <p class='ocr_par' dir='ltr' id='par_1_3' title="bbox 131 2184 1131 3656">
     <span class='ocr_line' id='line_1_18' title="bbox 133 2184 1128 2280; baseline 0.001 -26"><span class='ocrx_word' id='word_1_135' title='bbox 133 2198 152 2274; x_wconf 79' lang='lat' dir='ltr'><strong>f</strong></span> <span class='ocrx_word' id='word_1_136' title='bbox 183 2186 284 2255; x_wconf 91' lang='lat' dir='ltr'><strong>Unde</strong></span> <span class='ocrx_word' id='word_1_137' title='bbox 316 2187 420 2280; x_wconf 92' lang='lat' dir='ltr'><strong>igitur</strong></span> <span class='ocrx_word' id='word_1_138' title='bbox 446 2184 665 2254; x_wconf 89' lang='lat' dir='ltr'><strong>Renaudotus</strong></span> <span class='ocrx_word' id='word_1_139' title='bbox 683 2187 845 2253; x_wconf 87' lang='lat' dir='ltr'><strong>Berosum</strong></span> <span class='ocrx_word' id='word_1_140' title='bbox 872 2185 914 2253; x_wconf 92' lang='lat' dir='ltr'><strong>de</strong></span> <span class='ocrx_word' id='word_1_141' title='bbox 932 2184 1128 2255; x_wconf 88' lang='lat' dir='ltr'><strong>Abrabamo</strong></span> 
     </span>
     <span class='ocr_line' id='line_1_19' title="bbox 134 2295 1128 2396; baseline 0.001 -29"><span class='ocrx_word' id='word_1_142' title='bbox 134 2298 331 2371; x_wconf 88' lang='lat' dir='ltr'><strong>disseruisse</strong></span> <span class='ocrx_word' id='word_1_143' title='bbox 340 2302 525 2396; x_wconf 80' lang='lat' dir='ltr'><strong>acceperit3</strong></span> <span class='ocrx_word' id='word_1_144' title='bbox 541 2302 600 2395; x_wconf 91' lang='lat' dir='ltr'><strong>qui</strong></span> <span class='ocrx_word' id='word_1_145' title='bbox 613 2313 702 2369; x_wconf 91' lang='lat' dir='ltr'><strong>certe</strong></span> <span class='ocrx_word' id='word_1_146' title='bbox 713 2325 886 2393; x_wconf 91' lang='lat' dir='ltr'><strong>nunquam</strong></span> <span class='ocrx_word' id='word_1_147' title='bbox 900 2295 1128 2369; x_wconf 78' lang='lat' dir='ltr'><strong>Abrahamum</strong></span> 
     </span>
     <span class='ocr_line' id='line_1_20' title="bbox 135 2412 1126 2511; baseline 0.001 -30"><span class='ocrx_word' id='word_1_148' title='bbox 135 2412 187 2483; x_wconf 91' lang='lat' dir='ltr'><strong>vel</strong></span> <span class='ocrx_word' id='word_1_149' title='bbox 210 2415 352 2484; x_wconf 92' lang='lat' dir='ltr'><strong>minimo</strong></span> <span class='ocrx_word' id='word_1_150' title='bbox 382 2416 489 2511; x_wconf 80' lang='lat' dir='ltr'><strong>digito</strong></span> <span class='ocrx_word' id='word_1_151' title='bbox 515 2415 636 2508; x_wconf 88' lang='lat' dir='ltr'><strong>tetigit.</strong></span> <span class='ocrx_word' id='word_1_152' title='bbox 669 2415 771 2485; x_wconf 89' lang='lat' dir='ltr'><strong>Unde</strong></span> <span class='ocrx_word' id='word_1_153' title='bbox 788 2415 936 2483; x_wconf 77' lang='lat' dir='ltr'><strong>affirmet</strong></span> <span class='ocrx_word' id='word_1_154' title='bbox 954 2414 1126 2484; x_wconf 90' lang='lat' dir='ltr'><strong>abeodem</strong></span> 
     </span>
     <span class='ocr_line' id='line_1_21' title="bbox 134 2528 1127 2624; baseline -0.001 -27"><span class='ocrx_word' id='word_1_155' title='bbox 134 2530 326 2623; x_wconf 87' lang='lat' dir='ltr'><strong>patriarcha</strong></span> <span class='ocrx_word' id='word_1_156' title='bbox 339 2528 511 2624; x_wconf 83' lang='lat' dir='ltr'><strong>judicialis</strong></span> <span class='ocrx_word' id='word_1_157' title='bbox 525 2528 714 2624; x_wconf 83' lang='lat' dir='ltr'><strong>astrologiae</strong></span> <span class='ocrx_word' id='word_1_158' title='bbox 738 2529 900 2624; x_wconf 88' lang='lat' dir='ltr'><strong>prodiisse</strong></span> <span class='ocrx_word' id='word_1_159' title='bbox 917 2529 1047 2598; x_wconf 83' lang='lat' dir='ltr'><strong>artem?</strong></span> <span class='ocrx_word' id='word_1_160' title='bbox 1069 2530 1127 2623; x_wconf 91' lang='lat' dir='ltr'><strong>qui</strong></span> 
     </span>
     <span class='ocr_line' id='line_1_22' title="bbox 134 2641 1129 2738; baseline -0.001 -27"><span class='ocrx_word' id='word_1_161' title='bbox 134 2643 173 2712; x_wconf 90' lang='lat' dir='ltr'><strong>fit</strong></span> <span class='ocrx_word' id='word_1_162' title='bbox 186 2645 286 2713; x_wconf 85' lang='lat' dir='ltr'><strong>etiam</strong></span> <span class='ocrx_word' id='word_1_163' title='bbox 304 2660 342 2714; x_wconf 87' lang='lat' dir='ltr'><strong>ut</strong></span> <span class='ocrx_word' id='word_1_164' title='bbox 357 2644 524 2714; x_wconf 84' lang='lat' dir='ltr'><strong>Adamum</strong></span> <span class='ocrx_word' id='word_1_165' title='bbox 544 2644 690 2738; x_wconf 91' lang='lat' dir='ltr'><strong>primum</strong></span> <span class='ocrx_word' id='word_1_166' title='bbox 714 2641 816 2735; x_wconf 87' lang='lat' dir='ltr'><strong>hujus</strong></span> <span class='ocrx_word' id='word_1_167' title='bbox 832 2643 977 2711; x_wconf 85' lang='lat' dir='ltr'><strong>scientiae</strong></span> <span class='ocrx_word' id='word_1_168' title='bbox 995 2645 1129 2737; x_wconf 76' lang='lat' dir='ltr'><strong>excogi-</strong></span> 
     </span>
     <span class='ocr_line' id='line_1_23' title="bbox 134 2737 1131 2850; baseline 0 -24"><span class='ocrx_word' id='word_1_169' title='bbox 134 2773 276 2828; x_wconf 90' lang='lat' dir='ltr'><strong>tatorem</strong></span> <span class='ocrx_word' id='word_1_170' title='bbox 293 2759 427 2829; x_wconf 87' lang='lat' dir='ltr'><strong>dicatet</strong></span> <span class='ocrx_word' id='word_1_171' title='bbox 439 2758 483 2827; x_wconf 92' lang='lat' dir='ltr'><strong>ad</strong></span> <span class='ocrx_word' id='word_1_172' title='bbox 503 2756 582 2827; x_wconf 90' lang='lat' dir='ltr'><strong>viles</strong></span> <span class='ocrx_word' id='word_1_173' title='bbox 594 2737 735 2850; x_wconf 86' lang='lat' dir='ltr'><strong>hujusce</strong></span> <span class='ocrx_word' id='word_1_174' title='bbox 758 2756 871 2826; x_wconf 90' lang='lat' dir='ltr'><strong>farinae</strong></span> <span class='ocrx_word' id='word_1_175' title='bbox 883 2739 1018 2826; x_wconf 41' lang='lat' dir='ltr'><strong>&#39;fabulas</strong></span> <span class='ocrx_word' id='word_1_176' title='bbox 1036 2781 1131 2826; x_wconf 70' lang='lat' dir='ltr'><strong>com«</strong></span> 
     </span>
     <span class='ocr_line' id='line_1_24' title="bbox 136 2870 1127 2967; baseline -0.003 -26"><span class='ocrx_word' id='word_1_177' title='bbox 136 2871 353 2967; x_wconf 77' lang='lat' dir='ltr'><strong>probandaS‚</strong></span> <span class='ocrx_word' id='word_1_178' title='bbox 376 2889 524 2962; x_wconf 86' lang='lat' dir='ltr'><strong>veteres,</strong></span> <span class='ocrx_word' id='word_1_179' title='bbox 548 2896 633 2967; x_wconf 90' lang='lat' dir='ltr'><strong>quos</strong></span> <span class='ocrx_word' id='word_1_180' title='bbox 661 2897 729 2941; x_wconf 90' lang='lat' dir='ltr'><strong>non</strong></span> <span class='ocrx_word' id='word_1_181' title='bbox 760 2872 939 2941; x_wconf 88' lang='lat' dir='ltr'><strong>nominare</strong></span> <span class='ocrx_word' id='word_1_182' title='bbox 958 2870 1070 2957; x_wconf 87' lang='lat' dir='ltr'><strong>valet,</strong></span> <span class='ocrx_word' id='word_1_183' title='bbox 1093 2871 1127 2938; x_wconf 86' lang='lat' dir='ltr'><strong>in</strong></span> 
     </span>
     <span class='ocr_line' id='line_1_25' title="bbox 136 2985 1130 3058; baseline -0.003 -2"><span class='ocrx_word' id='word_1_184' title='bbox 136 2987 368 3058; x_wconf 84' lang='lat' dir='ltr'><strong>testimonium</strong></span> <span class='ocrx_word' id='word_1_185' title='bbox 386 2988 554 3057; x_wconf 90' lang='lat' dir='ltr'><strong>adducere</strong></span> <span class='ocrx_word' id='word_1_186' title='bbox 573 2986 664 3056; x_wconf 88' lang='lat' dir='ltr'><strong>velit.</strong></span> <span class='ocrx_word' id='word_1_187' title='bbox 685 2985 827 3058; x_wconf 88' lang='lat' dir='ltr'><strong>Valdea</strong></span> <span class='ocrx_word' id='word_1_188' title='bbox 846 2985 1047 3056; x_wconf 87' lang='lat' dir='ltr'><strong>Renaudoto</strong></span> <span class='ocrx_word' id='word_1_189' title='bbox 1064 2986 1130 3053; x_wconf 86' lang='lat' dir='ltr'><strong>dis·</strong></span> 
     </span>
     <span class='ocr_line' id='line_1_26' title="bbox 134 3100 1128 3199; baseline -0.003 -28"><span class='ocrx_word' id='word_1_190' title='bbox 134 3104 237 3171; x_wconf 90' lang='lat' dir='ltr'><strong>sentit</strong></span> <span class='ocrx_word' id='word_1_191' title='bbox 269 3103 321 3172; x_wconf 89' lang='lat' dir='ltr'><strong>vir</strong></span> <span class='ocrx_word' id='word_1_192' title='bbox 351 3103 631 3199; x_wconf 89' lang='lat' dir='ltr'><strong>prudentissimus</strong></span> <span class='ocrx_word' id='word_1_193' title='bbox 662 3105 866 3186; x_wconf 85' lang='lat' dir='ltr'><strong>Burnettus3</strong></span> <span class='ocrx_word' id='word_1_194' title='bbox 900 3102 957 3195; x_wconf 90' lang='lat' dir='ltr'><strong>qui</strong></span> <span class='ocrx_word' id='word_1_195' title='bbox 990 3100 1128 3195; x_wconf 90' lang='lat' dir='ltr'><strong>quidem</strong></span> 
     </span>
     <span class='ocr_line' id='line_1_27' title="bbox 134 3213 1129 3311; baseline -0.006 -24"><span class='ocrx_word' id='word_1_196' title='bbox 134 3213 248 3287; x_wconf 88' lang='lat' dir='ltr'><strong>Flavio</strong></span> <span class='ocrx_word' id='word_1_197' title='bbox 268 3217 359 3311; x_wconf 90' lang='lat' dir='ltr'><strong>quod</strong></span> <span class='ocrx_word' id='word_1_198' title='bbox 383 3217 426 3287; x_wconf 95' lang='lat' dir='ltr'><strong>ad</strong></span> <span class='ocrx_word' id='word_1_199' title='bbox 444 3216 674 3288; x_wconf 86' lang='lat' dir='ltr'><strong>Abrahamum</strong></span> <span class='ocrx_word' id='word_1_200' title='bbox 694 3216 884 3311; x_wconf 84' lang='lat' dir='ltr'><strong>Agyptiacae</strong></span> <span class='ocrx_word' id='word_1_201' title='bbox 897 3215 1043 3284; x_wconf 83' lang='lat' dir='ltr'><strong>scientiae</strong></span> <span class='ocrx_word' id='word_1_202' title='bbox 1066 3215 1129 3283; x_wconf 89' lang='lat' dir='ltr'><strong>ori·</strong></span> 
     </span>
     <span class='ocr_line' id='line_1_28' title="bbox 134 3329 1129 3427; baseline 0 -29"><span class='ocrx_word' id='word_1_203' title='bbox 134 3332 245 3427; x_wconf 85' lang='lat' dir='ltr'><strong>ginem</strong></span> <span class='ocrx_word' id='word_1_204' title='bbox 264 3330 386 3400; x_wconf 88' lang='lat' dir='ltr'><strong>referat</strong></span> <span class='ocrx_word' id='word_1_205' title='bbox 406 3332 457 3401; x_wconf 88' lang='lat' dir='ltr'><strong>bis</strong></span> <span class='ocrx_word' id='word_1_206' title='bbox 480 3331 587 3401; x_wconf 88' lang='lat' dir='ltr'><strong>verbis</strong></span> <span class='ocrx_word' id='word_1_207' title='bbox 610 3330 714 3426; x_wconf 87' lang='lat' dir='ltr'><strong>probe</strong></span> <span class='ocrx_word' id='word_1_208' title='bbox 736 3329 952 3422; x_wconf 87' lang='lat' dir='ltr'><strong>refragatur:</strong></span> <span class='ocrx_word' id='word_1_209' title='bbox 973 3359 990 3392; x_wconf 74' lang='grc' dir='ltr'><strong>ι(</strong></span> <span class='ocrx_word' id='word_1_210' title='bbox 1003 3329 1129 3422; x_wconf 90' lang='lat' dir='ltr'><strong>quibus</strong></span> 
     </span>
     <span class='ocr_line' id='line_1_29' title="bbox 133 3442 1127 3543; baseline 0.002 -33"><span class='ocrx_word' id='word_1_211' title='bbox 133 3475 150 3510; x_wconf 64' lang='lat' dir='ltr'><strong>a</strong></span> <span class='ocrx_word' id='word_1_212' title='bbox 167 3447 287 3516; x_wconf 93' lang='lat' dir='ltr'><strong>ductus</strong></span> <span class='ocrx_word' id='word_1_213' title='bbox 297 3448 506 3540; x_wconf 88' lang='lat' dir='ltr'><strong>argumentis</strong></span> <span class='ocrx_word' id='word_1_214' title='bbox 515 3446 694 3543; x_wconf 79' lang='lat' dir='ltr'><strong>(Iosephus</strong></span> <span class='ocrx_word' id='word_1_215' title='bbox 708 3443 758 3513; x_wconf 89' lang='lat' dir='ltr'><strong>vel</strong></span> <span class='ocrx_word' id='word_1_216' title='bbox 772 3442 828 3514; x_wconf 85' lang='lat' dir='ltr'><strong>ille</strong></span> <span class='ocrx_word' id='word_1_217' title='bbox 842 3469 910 3540; x_wconf 90' lang='lat' dir='ltr'><strong>quo</strong></span> <span class='ocrx_word' id='word_1_218' title='bbox 921 3443 1055 3513; x_wconf 88' lang='lat' dir='ltr'><strong>iunixus</strong></span> <span class='ocrx_word' id='word_1_219' title='bbox 1063 3459 1127 3530; x_wconf 87' lang='lat' dir='ltr'><strong>est,</strong></span> 
     </span>
     <span class='ocr_line' id='line_1_30' title="bbox 131 3559 1127 3656; baseline 0.005 -30"><span class='ocrx_word' id='word_1_220' title='bbox 131 3591 147 3626; x_wconf 76' lang='lat' dir='ltr'><strong>a</strong></span> <span class='ocrx_word' id='word_1_221' title='bbox 164 3561 384 3656; x_wconf 83' lang='lat' dir='ltr'><strong>Eupolemus)</strong></span> <span class='ocrx_word' id='word_1_222' title='bbox 410 3561 480 3630; x_wconf 86' lang='lat' dir='ltr'><strong>baec</strong></span> <span class='ocrx_word' id='word_1_223' title='bbox 500 3559 641 3630; x_wconf 77' lang='lat' dir='ltr'><strong>asserit?</strong></span> <span class='ocrx_word' id='word_1_224' title='bbox 663 3560 803 3628; x_wconf 86' lang='lat' dir='ltr'><strong>hoccine</strong></span> <span class='ocrx_word' id='word_1_225' title='bbox 823 3560 856 3629; x_wconf 92' lang='lat' dir='ltr'><strong>in</strong></span> <span class='ocrx_word' id='word_1_226' title='bbox 872 3559 1010 3630; x_wconf 88' lang='lat' dir='ltr'><strong>historia</strong></span> <span class='ocrx_word' id='word_1_227' title='bbox 1033 3582 1127 3631; x_wconf 80' lang='lat' dir='ltr'><strong>sacra</strong></span> 
     </span>
    </p>
   </div>
   <div class='ocr_carea' id='block_1_3' title="bbox 32 3821 1125 4003">
    <p class='ocr_par' dir='ltr' id='par_1_4' title="bbox 32 3821 1125 4003">
     <span class='ocr_line' id='line_1_31' title="bbox 174 3821 1125 3905; baseline 0.001 -23"><span class='ocrx_word' id='word_1_228' title='bbox 174 3823 215 3904; x_wconf 83' lang='lat'><strong>(1)</strong></span> <span class='ocrx_word' id='word_1_229' title='bbox 238 3826 396 3885; x_wconf 76' lang='lat' dir='ltr'><strong>ntemoires</strong></span> <span class='ocrx_word' id='word_1_230' title='bbox 410 3827 448 3884; x_wconf 85' lang='lat' dir='ltr'><strong>de</strong></span> <span class='ocrx_word' id='word_1_231' title='bbox 462 3825 636 3886; x_wconf 76' lang='lat' dir='ltr'><strong>l’Acuddmic</strong></span> <span class='ocrx_word' id='word_1_232' title='bbox 653 3825 703 3884; x_wconf 89' lang='lat' dir='ltr'><strong>des</strong></span> <span class='ocrx_word' id='word_1_233' title='bbox 717 3826 904 3905; x_wconf 85' lang='lat' dir='ltr'><strong>inscriptions</strong></span> <span class='ocrx_word' id='word_1_234' title='bbox 919 3840 947 3883; x_wconf 88' lang='lat' dir='ltr'><strong>et</strong></span> <span class='ocrx_word' id='word_1_235' title='bbox 959 3821 1125 3883; x_wconf 84' lang='lat' dir='ltr'><strong>belles-let·</strong></span> 
     </span>
     <span class='ocr_line' id='line_1_32' title="bbox 32 3924 480 4003; baseline -0.004 -20"><span class='ocrx_word' id='word_1_236' title='bbox 32 3945 34 3951; x_wconf 91' lang='lat'>·</span> <span class='ocrx_word' id='word_1_237' title='bbox 135 3934 204 3981; x_wconf 83' lang='lat' dir='ltr'><strong>tres.</strong></span> <span class='ocrx_word' id='word_1_238' title='bbox 217 3927 251 3984; x_wconf 86' lang='lat' dir='ltr'><strong>T.</strong></span> <span class='ocrx_word' id='word_1_239' title='bbox 270 3928 291 3981; x_wconf 92' lang='lat'><strong>1.</strong></span> <span class='ocrx_word' id='word_1_240' title='bbox 306 3924 388 3983; x_wconf 91' lang='lat' dir='ltr'><strong>me&#39;m.</strong></span> <span class='ocrx_word' id='word_1_241' title='bbox 407 3945 435 4003; x_wconf 86' lang='lat' dir='ltr'><strong>p.</strong></span> <span class='ocrx_word' id='word_1_242' title='bbox 452 3925 480 3982; x_wconf 89' lang='grc'><strong>6.</strong></span> 
     </span>
    </p>
   </div>
   <div class='ocr_carea' id='block_1_4' title="bbox 0 0 1272 4522">
    <p class='ocr_par' dir='ltr' id='par_1_5' title="bbox 0 0 1272 4522">
     <span class='ocr_line' id='line_1_33' title="bbox 0 0 1272 4522; baseline 0 1"><span class='ocrx_word' id='word_1_243' title='bbox 0 0 1272 4522; x_wconf 95' lang='lat' dir='ltr'><strong> </strong></span> 
     </span>
    </p>
   </div>
  </div>
 </body>
</html>
