2534 4522
603 208 647 279 33

130 380 149 416 a
169 349 296 418 incerta
329 341 510 414 admodum
536 342 601 410 fide
636 340 793 410 videntur
823 339 904 426 niti,
931 343 1000 411 imo
1028 345 1129 415 conli-

131 479 221 534 «cta
244 461 357 556 potins
385 440 487 553 qirarn
521 483 600 527 vera
636 471 773 552 accepta
806 456 989 528 traditione
1020 459 1126 557 (1).»

130 583 172 650 ln
220 574 371 646 eamdem
409 574 499 644 hano
536 573 742 643 sententiam
780 586 864 640 eunt
903 576 1026 642 summi
1066 577 1128 645 viri

131 691 299 762 Alstedius
324 687 397 784 (a),
424 685 578 758 Salianus
601 685 653 781 (3)
677 701 712 755 et
740 685 1033 783 Strauchius(l1);
1066 715 1130 761 neo

132 803 212 874 licet
244 801 500 897 praetermittere
537 800 753 869 Perizonium
794 815 988 894 opportune
1027 802 1133 874 faten-

132 934 201 988 tem
232 944 241 986 ε
276 919 360 986 «Ut
388 916 497 984 dicam
523 915 616 1010 quod
643 915 770 1000 sentio,
801 916 858 984 vix
884 942 1021 1011 possum
1045 922 1131 991 mihi

131 1033 365 1129 «persuadere
382 1056 402 1100 a
421 1035 545 1100 Beroso
561 1031 711 1125 profecta
729 1045 789 1100 aut
807 1031 932 1127 scripta
950 1060 1025 1129 quae
1048 1041 1133 1133 Syn.

129 1149 268 1219 «celtus
286 1163 447 1243 tanquam
474 1172 513 1216 ea
543 1146 732 1216 Alexandro
763 1163 795 1217 et
828 1150 953 1219 Beroso
980 1153 1128 1223 refert.»
1193 1156 1196 1160 ’

134 1264 231 1341 Adde
250 1262 342 1360 quod
362 1277 558 1358 praestantes
576 1260 796 1356 philosophiae
823 1262 989 1354 historici,
1010 1293 1132 1363 nempe

133 1384 396 1448 'lennemannus
426 1392 459 1446 et
489 1378 638 1446 Ritterus
676 1377 815 1445 minime
845 1377 1003 1450 dubitant
1039 1383 1132 1452 affir-

134 1520 226 1565 mare
243 1495 331 1564 hanc
351 1492 559 1562 chaldaicam
582 1493 834 1586 cosmogoniam
855 1519 874 1562 a
895 1521 973 1564 vero
984 1496 1129 1570 alienam

135 1626 169 1680 et
190 1615 313 1679 Beroso
339 1633 517 1704 perperam
545 1608 647 1677 luisse
671 1607 876 1702 adscriptam
903 1608 968 1706 (5).
993 1614 1132 1702 Quibus

135 1727 349 1795 consentiens
361 1722 579 1810 Wachlerus,
597 1724 659 1792 hos
673 1722 806 1791 eosdem
821 1723 1130 1799 Chaldaeorum‘an·

136 1839 227 1909 nales
240 1866 260 1907 a
280 1837 426 1934 graeculo
445 1838 593 1932 quodam
611 1838 775 1908 confictos
797 1863 868 1908 esse
889 1844 1082 1935 suspicatur
1101 1863 1134 1916 et

136 1953 199 2022 sub
209 1955 324 2023 Berosi
338 1953 476 2021 nonrine
491 1951 646 2046 vulgatos
659 1977 727 2045 quo
737 1953 898 2044 majorem
914 1954 1013 2025 fldem
1027 1964 1135 2029 omni·

136 2069 200 2136 bus
225 2069 401 2161 injicerent
417 2065 482 2162 (6).
501 2067 659 2161 Denique
685 2064 741 2136 ille
764 2069 910 2138 loannes
927 2075 1014 2142 Dan.
1034 2077 1135 2148 Rich·

136 2198 240 2268 teras,
255 2184 383 2251 virnon
397 2181 568 2269 indoctus,
577 2182 636 2275 qui
651 2181 787 2275 quidem
801 2185 1135 2283 novissimehujusce

138 2296 330 2367 Chaldaicae
355 2297 504 2367 historiae
531 2296 721 2390 fragmenta
747 2296 853 2366 edidit
876 2315 910 2368 et
936 2299 1135 2395 illustravit,

138 2413 203 2480 hoc
222 2428 321 2507 pacto
345 2412 514 2481 scribendi
535 2412 671 2481 initium
688 2411 768 2480 facit
787 2438 794 2480 :
812 2442 829 2478 «
847 2417 1007 2486 Berosum
1026 2425 1136 2514 patria

138 2556 155 2591 «
171 2525 390 2621 Babylonium
400 2527 445 2622 (si
455 2527 605 2612 omnim,
622 2527 743 2619 quoda
758 2528 930 2598 nonnullis
944 2532 1135 2605 dubitatum

138 2670 156 2701 «
172 2655 242 2728 est,
264 2667 341 2709 eum
354 2641 472 2710 vixisse
491 2640 678 2734 sumamus)
696 2692 708 2726 ‚
725 2665 855 2711 nornen
871 2643 941 2735 jam
963 2645 1067 2738 ipsius
1084 2651 1138 2717 in·

146 2786 162 2818 u
183 2781 286 2824 tmere
303 2755 435 2824 videtur
447 2753 554 2851 (7).»
636 2781 638 2784 ’
1142 2741 1145 2744 ’

193 2874 312 2964 Itaque
336 2869 493 2939 videntur
517 2870 752 2963 sapientissimi
777 2871 839 2940 viri
860 2873 900 2942 de
917 2877 1041 2944 Beroso
1066 2904 1139 2947 om·

184 3026 226 3104 (r)
248 3028 387 3105 Conring.
403 3026 440 3086 de
459 3028 535 3109 Asiae
549 3039 579 3084 et
591 3031 709 3105 AEgypt.
724 3027 815 3106 antiq.
831 3029 943 3106 dynast.
966 3053 991 3090 c.
1006 3054 1074 3096 vnr.
1090 3046 1139 3106 (ι.

183 3107 225 3186 (a)
241 3107 366 3166 Alstedii
379 3106 521 3165 Thesaur.
534 3106 644 3166 Chron.
659 3128 687 3185 p.
703 3109 769 3167 163.
786 3107 833 3167 ed.
852 3111 937 3182 1637.

185 3205 229 3286 (3)
249 3205 359 3263 Salian.
375 3203 482 3263 Annal.
494 3216 552 3262 vet.
564 3208 644 3263 Test.
661 3209 683 3261 l.
700 3225 728 3283 p.
745 3207 889 3264 206-208.

186 3303 228 3383 (t)
246 3302 381 3362 Strauch.
396 3303 524 3361 Breviar.
538 3300 648 3362 Chron.
662 3301 715 3360 lib.
730 3307 779 3362 IV.
793 3324 821 3381 p.
838 3303 904 3362 363.

141 3394 143 3399 ’
185 3398 229 3479 (5)
250 3403 449 3458 Tennemann.
465 3398 612 3458 Grundiss
626 3398 680 3456 der
690 3399 865 3459 Gesrhichte
877 3401 929 3461 der
942 3404 1141 3488 Philosophia.

145 3504 162 3570 ς
176 3518 224 3571 7¹·
234 3529 275 3542 -
284 3496 392 3570 Ritter,
407 3496 583 3555 Geschichte
593 3495 647 3553 der
662 3495 860 3576 Philosophia.
872 3512 894 3557 t.
908 3504 929 3557 1.

187 3590 227 3673 (6)
248 3598 281 3652 In
298 3579 306 3650 ἑ
320 3593 540 3671 Encyclopaedie
556 3593 610 3651 der
622 3593 870 3654 wissenschaften
886 3597 945 3656 und
958 3601 1072 3659 Kiinste
1085 3623 1143 3664 von

145 3689 240 3751 Ersch
255 3689 314 3758 und
331 3687 450 3748 Gruber
465 3701 522 3747 etc.
536 3689 592 3748 sub
606 3709 699 3749 voce:
716 3695 849 3752 Berosus.
864 3693 908 3752 Cf.
928 3696 1065 3772 Meiners,
1076 3700 1143 3763 hist.

146 3788 290 3850 doctrinae
303 3787 341 3846 de
352 3806 424 3846 vero
440 3790 513 3844 Deo.
527 3790 557 3844 P.
570 3792 594 3846 Ι.
610 3809 638 3866 p.
654 3789 690 3860 76
705 3801 734 3846 et
749 3811 812 3868 sqq.
830 3791 857 3847 iu
876 3791 973 3851 multis
991 3799 1092 3857 Berosi
1108 3802 1144 3858 fi.

146 3885 215 3942 dem
231 3883 392 3963 impugnat.
408 3918 445 3927 —
460 3881 499 3964 (7)
510 3883 632 3943 Richter
648 3907 654 3942 :
669 3888 768 3946 Berosi
787 3888 991 3951 Chaldaeorum
1014 3895 1145 3958 historia·

147 3993 391 4061 quaesrrpersnnt,
406 3982 483 4061 Lips.
500 3982 584 4043 1825.

879 4097 881 4102 ’
1000 4090 1020 4159 3
