2534 4522
596 177 643 247 815

127 337 202 427 φασὶ
222 338 298 429 πρὸς
321 336 371 404 τθν
389 341 531 432 Εἴρωμον
550 338 729 430 αἰνίγματα,
745 335 795 404 καί
815 343 885 430 παρ’
908 342 1004 405 αὐτοῦ
1018 336 1122 405 λαθεῖν

128 456 240 539 ἀξιοῦν.
256 463 317 528 Τὸν
342 453 377 528 ht
402 465 443 554 μὴ
463 453 631 536 δυνηθέντα
651 435 815 552 διακρῖναι,
837 473 881 548 τῷ
897 463 1027 528 λύσαντι
1045 469 1121 555 χρή·
1213 510 1216 516 -

55 624 57 631 1
129 605 216 671 ματα
238 581 399 647 ἀποτίνειν.
424 568 674 674 ὁμολογήσαντα
696 570 730 645 δὲ
754 581 805 646 τὸν
836 579 988 671 Εἴρωμον,
1011 582 1122 672 καὶμὴ

130 689 298 768 δυνηθέντα
318 698 410 763 λύσαι
423 695 463 763 τὰ
486 695 666 789 αἰνίγματα,
685 692 790 761 πολλὰ
815 703 875 762 τῶν
899 697 1066 788 χρημάτων
1084 697 1125 774 ιίς

131 813 168 878 τὸ
189 797 347 902 {teinpus
367 811 534 877 ἀναλῶσαι.
551 805 632 876 Εἶτα
655 801 694 884 <hh
717 800 902 899 Ᾰθθτὶμονόν
923 836 991 877 τινα
1015 817 1124 903 Τυριον

132 917 229 1016 ἄνδρα
250 921 291 990 τὰ
304 925 491 1018 προτεθέντα
503 932 606 1010 λισαι,
621 925 672 991 καὶ
689 926 782 992 αὐτὸν
800 921 880 991 ἄλλα
897 920 1072 1015 προθαλεῑν.
1096 913 1121 994 h

133 1048 174 1129 μὴ
192 1046 330 1105 λυσαντα
346 1041 398 1106 τὸν
414 1041 594 1130 Σολομῶνα,
614 1029 715 1107 πολλὰ
733 1047 779 1124 τῷ
792 1041 924 1130 Εἱρώμῳ
939 1040 1127 1129 προσαποτῖ-

134 1181 185 1221 σαι
199 1159 355 1247 χρῆματα.
366 1202 379 1223 .

151 1305 154 1311 ·
187 1259 235 1327 Art
264 1259 354 1326 hunc
381 1256 516 1324 modurn
541 1257 596 1324 Dii
616 1256 793 1325 annalibus
822 1258 939 1326 'contra
962 1259 1125 1351 Apionent

135 1372 316 1455 adhibitis,
362 1372 471 1438 statim
509 1369 594 1438 alius
629 1370 755 1438 accedit
789 1395 897 1437 reruni
932 1372 1128 1438 Phoenicum

138 1487 294 1580 scriptor,
316 1484 522 1556 Menandros
541 1485 667 1552 scilicet
688 1482 865 1577 Ephesius,
883 1485 932 1550 vir
963 1485 1131 1577 egregius,

137 1603 275 1694 antiqua
295 1598 375 1681 fide,
392 1624 521 1667 surnrna
538 1599 731 1692 prudentia,
749 1600 817 1666 acri
833 1601 966 1692 iugenio
990 1614 1025 1667 ut
1047 1599 1131 1667 nihil
1208 1683 1212 1689 ⁵

139 1739 251 1808 snpra,
273 1713 417 1806 denique
434 1712 555 1805 dignus
572 1713 629 1804 qui
648 1737 667 1778 a
685 1712 830 1803 Joscpho
844 1711 1009 1780 laudetur.
1029 1713 1131 1804 Atqui

139 1856 201 1918 eo,
231 1854 298 1920 quo
327 1828 486 1912 ardebat,
521 1827 752 1910 Menandros,
776 1825 888 1893 studio
906 1851 981 1894 vera
1005 1829 1038 1894 in
1059 1848 1131 1894 onr-

141 1943 240 2009 nihus
263 1941 429 2028 tradendi,
444 1942 632 2008 instituerat
655 1938 847 2007 vernaculas
868 1955 899 2006 et
916 1954 1042 2008 veteres
1057 1965 1132 2034 per·

143 2055 273 2124 volvere
290 2058 454 2148 cujusque
476 2053 657 2147 provinciae
676 2053 726 2120 vel
748 2056 857 2147 gentis
880 2053 1021 2139 tabulas,
1048 2055 1139 2122 unde

143 2194 194 2237 res
214 2185 319 2265 gestas
337 2169 425 2263 apud
444 2172 579 2238 Graecos
597 2183 630 2235 et
655 2168 814 2236 barbaros
843 2171 1011 2237 memoriae
1044 2195 1136 2237 inan-

143 2285 284 2353 ‹hrturus
305 2298 511 2376 excerperet.

193 2404 226 2469 Is
246 2400 349 2491 igitur
374 2397 416 2464 ad
435 2397 612 2464 Hiromum
643 2421 752 2489 regern
783 2399 918 2464 veniens
948 2397 1011 2466 hoc
1041 2415 1138 2493 pacto

146 2514 260 2582 scribit
281 2538 322 2580 :o
340 2512 499 2579 Hiramus
518 2535 639 2604 aggere
655 2525 784 2578 vastum
807 2509 915 2578 locunt
937 2514 1140 2605 exaequuvit3

146 2653 162 2690 o
184 2645 412 2722 praetereaque
431 2624 609 2695 collocavit
629 2649 765 2693 auream
783 2625 982 2693 columnaru-
997 2627 1029 2693 in
1050 2630 1141 2695 Jovis

148 2770 163 2805 ι
183 2741 308 2837 templo
326 2769 333 2810 ε
351 2758 383 2810 et
401 2744 445 2811 ad
462 2741 631 2834 lignorum
651 2737 776 2833 sylvani
800 2739 969 2834 profectus
988 2767 1006 2808 e
1028 2759 1143 2810 rnonte

148 2884 164 2921 ο
185 2859 316 2926 Libano
328 2855 495 2951 appellato
509 2855 743 2924 construendis
761 2853 962 2948 templorum
982 2859 1077 2925 tectis
1088 2885 1142 2925 cr-

150 3000 166 3033 «
185 2970 263 3038 dros
284 2970 425 3052 excidit;
450 2969 696 3062 demolitusque
724 2973 862 3060 antiqua
888 2968 1028 3038 delubra
1056 2997 1141 3040 novo

150 3084 358 3153 reedificavit
387 3082 531 3177 temple,
570 3082 789 3176 Herculisque
819 3100 851 3150 et
890 3087 1034 3154 Astartae
1068 3087 1145 3155 fano

151 3200 415 3282 «consecrarit,
456 3200 695 3293 primuinque
719 3198 872 3267 Herculis
912 3200 1072 3295 templum
1111 3206 1144 3269 in

152 3346 168 3378 (ι
189 3341 300 3384 rncnsc
319 3317 456 3400 Potitio,
480 3313 600 3383 deinde
619 3319 776 3398 Astartae3
798 3314 898 3407 hujus
919 3330 1031 3383 autem
1048 3332 1146 3387 aetate

154 3461 169 3494 ιι
187 3431 301 3499 ssorrrit
315 3430 452 3522 quidam
472 3428 676 3498 Abdemonis
696 3428 784 3496 fitius
803 3430 920 3521 junior
935 3433 990 3524 qui
1016 3432 1149 3524 proble-

154 3573 170 3606 «
186 3559 276 3614 meta
291 3568 365 3636 (μισ
380 3542 538 3613 Solonion
557 3569 612 3611 rex
626 3546 645 3610 J
649 3543 818 3633 udaeorum
835 3542 992 3635 explicari
1008 3544 1149 3636 jubebat

155 3689 170 3722 ι
193 3659 327 3752 ingenio
350 3683 482 3750 semper
502 3657 789 3763 superabat(1).»

104 3865 106 3870 -
197 3891 237 3970 (r)
259 3897 318 3951 Jos.
334 3894 414 3952 Fiav.
435 3905 454 3948 t.
470 3896 506 3950 ΙΙ.
523 3913 550 3970 p.
569 3902 635 3967 ἠήρ.
