2534 4522
642 241 684 311 ¹9

211 372 286 441 Jam
315 393 397 438 vero
425 382 461 436 ut
478 366 521 437 ad
546 367 648 437 finem
680 367 792 436 veniat
813 367 883 436 haec
905 347 1013 460 prima
1032 366 1154 462 dispu-

166 483 270 572 tatio,
295 497 330 552 et
352 481 585 568 hisomnibus
609 480 809 551 testimoniis
837 492 964 548 novum
982 480 1154 574 adjiciam3

160 599 260 693 juvat
290 623 344 666 me
378 595 518 667 lectores
545 595 704 690 ablegare
741 595 786 664 ad
822 610 987 665 recentem
1030 595 1154 666 librum

166 713 351 783 doctissimi
400 713 462 782 viri
513 711 568 781 cui
615 712 876 806 disputationem
916 711 1004 781 hanc
1051 727 1154 782 totam
1235 733 1237 738 '

167 828 319 914 dedicavi
347 825 411 924 (t).
440 826 554 900 Cuivis
577 829 666 896 enim
695 827 783 896 hauc
815 825 857 895 de
877 825 1055 897 historicis
1080 835 1158 910 Au·

162 947 263 1042 gusti
296 941 565 1037 disquisitionem
603 940 788 1037 perlegenti
834 940 1007 1010 manifeste
1054 968 1166 1038 appa·¹

168 1058 256 1129 rebit
277 1057 461 1150 Joscphum
480 1056 679 1150 sibimetipsi
710 1056 862 1125 inomni
887 1080 924 1123 re
952 1057 1160 1129 consuluisse

75 1153 80 1163 .
167 1188 202 1242 et
239 1197 367 1242 novum
403 1170 574 1265 quoddam
613 1169 796 1264 aucupium
841 1169 969 1258 fecisse,
999 1175 1161 1245 Romanis

170 1286 375 1358 blandiendo
403 1301 438 1378 et
464 1285 625 1355 audacter
663 1285 705 1355 de
739 1285 931 1356 ludaeorum
973 1288 1161 1382 originibus
1204 1334 1206 1339 ·

170 1418 204 1472 et
238 1401 399 1496 religione
426 1400 633 1471 mentiendo.
654 1403 766 1491 Quam
794 1425 873 1469 vero
898 1401 981 1468 vitae
997 1403 1160 1474 rationem

171 1543 191 1587 a
225 1535 343 1599 tenera
384 1531 481 1596 aetate
515 1517 700 1591 instituerit
728 1516 835 1585 bomo
860 1516 1028 1605 eamdem,
1057 1542 1162 1614 usque

169 1632 216 1702 ad
232 1632 362 1701 obitum
379 1632 516 1701 tenebit.
534 1633 620 1700 Nam
634 1631 728 1724 pravi
751 1655 872 1716 mores,
893 1646 931 1697 ut
958 1632 1055 1722 boni,
1071 1633 1165 1704 inva-

172 1746 302 1818 lescunt
317 1773 394 1817 curn
410 1747 519 1834 annis,
536 1760 569 1814 et
583 1770 645 1816 usu
659 1745 913 1815 confirmantur.
930 1749 1096 1840 losephus
1111 1775 1167 1820 au·

173 1879 253 1950 tem,
270 1888 376 1957 quum
392 1861 436 1931 ad
444 1859 677 1929 mentiendum
692 1861 761 1953 jam
773 1861 907 1953 juvenis
916 1886 987 1931 sese
1005 1865 1165 1934 accinxis-

174 1993 235 2064 set,
250 1995 286 2046 et
303 1978 338 2045 in
353 1976 448 2045 libris
467 1975 508 2043 de
521 1975 733 2068 antiquitate
746 1977 764 2043 J
768 1973 939 2043 udaeorum
958 2002 997 2045 ae
1018 1978 1059 2045 de
1072 1979 1165 2049 Bello

65 2140 67 2144 »
171 2092 310 2187 judaieo
335 2094 370 2159 in
396 2090 467 2159 hac·
488 2087 642 2158 illiberali
666 2088 854 2157 mentiendi
882 2103 955 2159 arte
989 2115 1059 2160 sese
1090 2092 1167 2162 dili-

176 2222 293 2303 genter
319 2206 531 2291 exercuisset,
559 2203 651 2272 haud
673 2204 785 2298 potuit
803 2190 927 2297 postea,
954 2224 1168 2278 cumcontra

175 2322 341 2417 Apionem
360 2319 550 2403 dissereret,
573 2343 641 2386 non
664 2316 999 2413 ingenioindulgere
1015 2336 1048 2391 et
1071 2339 1170 2394 natu-

177 2462 249 2531 ram
273 2436 378 2530 sequi.
400 2433 497 2504 Adde
521 2432 614 2528 quod
636 2447 751 2502 noster
769 2432 839 2526 jam
866 2447 968 2504 aetate
992 2454 1172 2529 provectus

176 2566 211 2621 et
230 2551 356 2619 fractus
382 2549 504 2637 labore,
523 2548 566 2618 ad
587 2552 606 2618 J
610 2547 780 2616 udaeorum
810 2549 1046 2643 antiquitatem
1061 2549 1174 2621 defen-

177 2666 323 2760 dendam
351 2663 496 2735 debilem
529 2664 678 2733 animum
704 2659 916 2757 applicuerit.
947 2666 1025 2734 Non
1050 2668 1173 2735 mirum

132 2838 134 2840 .
178 2784 282 2877 igitur
301 2783 327 2851 si
358 2779 509 2857 vetulum
532 2779 660 2874 aliquid
674 2778 788 2849 oleant
812 2780 863 2848 hae
891 2806 984 2851 novae
1008 2782 1174 2853 Flavianae

180 2898 442 2990 lucubrationes.
462 2896 595 2966 Etenim
628 2921 705 2964 cum
723 2919 785 2964 nee
800 2896 977 2965 scribendo
1001 2899 1173 2992 ingeni-unt

179 3036 245 3082 nec
262 3013 348 3099 vires
358 3010 655 3106 superessent‚hoc
663 2993 855 3105 supremum
872 3010 1047 3081 eonsilium
1068 3013 1177 3098 inivit,

179 3125 222 3194 ab
242 3123 357 3195 alienis
364 3125 525 3220 operibus
544 3122 641 3217 plura
654 3125 812 3208 mutuari,
832 3138 931 3192 testes
945 3125 1055 3218 plures
1067 3126 1172 3196 addu-

180 3262 446 3333 cereeorumqne
459 3236 546 3306 dieta
569 3237 603 3304 in
623 3235 748 3320 librum
761 3234 922 3306 conflare.
942 3241 1061 3333 Itaque
1073 3243 1177 3311 Corn.

136 3402 139 3407 -
180 3352 408 3424 Alexandrum
440 3350 697 3447 Polyhistorem,
731 3349 905 3440 Bormum,
933 3354 1182 3450 Eupolemtrm‚.

181 3458 1188 3564 Philonemuemerrium,Hecataeum,atiospraetereamutff

183 3650 276 3728 phum
306 3647 400 3727 arguit
432 3647 592 3724 Sibyllinos
627 3669 725 3707 versus
761 3649 968 3725 composuisse.
988 3683 1023 3692 -
1049 3609 1179 3726 Lewilz,

187 3746 375 3818 Quoesttomm
387 3736 586 3801 Flavianarum
601 3751 752 3819 speetnren.
764 3749 847 3804 —Ile
861 3742 1005 3803 l'autorite
1021 3739 1181 3826 historique

184 3842 222 3901 de
236 3842 356 3920 Ioseph,
374 3862 427 3921 par
442 3846 481 3900 M.
495 3840 545 3899 Ph.
564 3841 689 3900 Chasles.
702 3884 740 3894 ..-
754 3841 794 3921 (1)
817 3847 849 3902 Ε.
866 3846 968 3920 Egger,
984 3845 1118 3902 Exorneir
1132 3849 1181 3904 des

182 3940 329 3998 historiens
340 3941 510 4017 ‚d'Augusta
523 3960 550 4015 p.
570 3939 713 4016 r89-209.
1114 3966 1130 3975 ¹*

1005 4069 1035 4113 2.
