2534 4522
617 208 661 280 26

138 359 306 448 gumentis
321 374 488 428 versatum
507 361 565 454 qui
582 359 639 429 tali
654 359 764 428 fronte
781 358 993 452 deciperetur
1010 358 1133 457 hasque

123 467 266 541 litteras
292 499 353 568 pro
394 475 548 570 genuinis
580 471 758 569 acciperet!
798 473 864 544 Sed
888 474 969 566 quid
989 476 1133 571 amplius

139 588 274 658 moror?
290 587 418 682 pridem
434 588 539 684 liquet
558 591 647 658 hunc
655 588 778 659 librum
798 590 864 684 περὶ
882 576 1030 660 laudator
1053 618 1133 687 spu-

139 701 225 770 rium
244 728 332 789 esse,
349 704 488 798 jamque
506 705 691 798 losephum
720 703 885 772 mendacii
908 720 1131 800 compertum.

145 865 149 873 -
186 821 247 887 111.
281 819 382 907 Quod
400 821 428 889 si
449 820 518 889 haec
535 833 746 914 argumenta,
769 843 846 889 cum
870 832 965 888 tanta
989 845 1030 888 ac
1053 819 1132 889 talia

139 931 216 1020 sint,
236 929 354 1027 parum
372 950 404 1001 te
424 948 591 1015 moveant,
609 933 744 1002 adverte
760 932 831 1024 jam
850 946 957 1024 quam
972 931 1133 1003 insulsam

139 1060 173 1114 et
192 1046 440 1142 imprudentem
463 1049 661 1116 sententiam
681 1046 844 1116 incurras.
866 1046 965 1134 Quid¹
977 1063 1026 1116 est
1042 1049 1133 1119 enirn

138 1161 231 1254 quod
266 1167 497 1232 Romanorum
531 1147 772 1247 Graecorumve
807 1162 1009 1255 scriptorum
1042 1189 1133 1234 unus

139 1271 327 1344 Alexander
346 1276 479 1354 ludaeos
510 1264 665 1358 auctores
687 1275 730 1344 ad
753 1291 864 1369 partes
891 1291 1010 1363 vocet,
1044 1303 1132 1347 uuus

139 1413 255 1457 eorum
272 1388 382 1486 ⁴libros
408 1393 522 1486 magni
548 1391 666 1478 faciat,
692 1414 779 1458 unus
803 1388 845 1458 de
866 1389 1009 1482 judaicis
1036 1391 1133 1462 libris

138 1527 214 1572 vera
236 1519 338 1598 atque
351 1505 538 1575 laudatoria
562 1505 650 1574 ultra
666 1504 715 1574 fas
726 1505 869 1598 jactitet,
888 1507 997 1575 caeteri
1016 1531 1134 1576 omnes

135 1619 1135 1715 Chaeremo,Lysimachus,Agathat·chides,Manetho‚Apin,

135 1737 174 1803 C.
190 1734 326 1803 Tacitus
340 1750 373 1804 et
390 1735 510 1829 reliqui
527 1732 697 1804 fabulosas
711 1734 920 1802 narrationes
935 1749 1128 1806 contexant.

182 1847 278 1915 Adde
289 1849 381 1942 quod
398 1854 502 1921 Corn.
525 1847 713 1923 Alexander
723 1849 766 1917 ob
782 1847 985 1942 singularem
1002 1849 1129 1919 doctri÷

136 1986 211 2030 nam
220 1961 357 2057 plurimi
373 1964 570 2052 habebatur,
582 1963 806 2033 utSuetonius
825 1962 987 2058 refert(1)
1004 1987 1038 2032 :a
1053 1989 1133 2033 eum

131 2105 151 2142 a
167 2080 423 2171 grammaticum
438 2104 594 2175 graecum,
609 2083 649 2150 C.
664 2084 692 2149 J.
709 2079 860 2173 Hyginus
875 2078 1021 2148 studiose
1029 2093 1062 2146 et
1071 2105 1132 2168 aug

133 2221 150 2254 (ι
165 2192 419 2264 diitetimitatus
427 2209 475 2263 est
486 2193 963 2288 :quem-propterantiquitatis
975 2194 1132 2264 notitiam

134 2335 150 2369 (ι
163 2305 420 2400 Polylu'storcm
440 2307 550 2397 multi,
571 2307 709 2401 quidam
725 2292 912 2376 historiam
926 2308 1102 2377 vocabant.
1118 2339 1134 2373 n

182 2421 311 2516 Saepius
333 2422 425 2492 hunc
445 2420 688 2518 Polyhistorem
713 2419 853 2491 laudaut
875 2437 909 2492 et
934 2437 1055 2492 testem
1071 2447 1130 2492 ar-

134 2550 269 2605 cessunt
286 2534 486 2611 Plutarchus
499 2536 570 2634 (a),
593 2535 747 2607 Valerius
764 2537 934 2606 Maximus
948 2533 1021 2631 (3),
1047 2536 1133 2606 Dio·

133 2675 302 2744 genasque
319 2652 473 2721 Laertius
492 2649 545 2746 (Δ)
576 2665 678 2744 atque
705 2650 887 2720 Athenaeus
900 2647 976 2746 (5),
995 2674 1132 2720 necnon

132 2765 328 2860 Stephanus,
350 2766 553 2860 Byzantinus
573 2762 625 2861 (6)
656 2778 691 2833 et
725 2763 845 2834 Suidas
878 2763 941 2861 (7).
968 2763 1131 2857 Ejusdem

132 2877 237 2947 libros
262 2879 383 2974 saepius
402 2879 504 2949 Caius
527 2877 656 2947 Plinius
681 2877 722 2946 ad
754 2894 868 2973 partes
898 2877 1073 2947 advocavit
1092 2878 1130 2946 iu

132 2995 279 3064 Historia
308 2993 475 3086 naturali3
493 3009 528 3062 et
549 3009 661 3062 tamen
680 3019 798 3063 omnes
816 2993 865 3062 illi
884 2995 1066 3088 scriptores
1086 2992 1131 3062 de

134 3103 220 3176 libro
247 3107 468 3204 Polyhistoris
495 3111 564 3206 περὶ
589 3098 757 3198 leuinias,
788 3091 959 3202 nusquam
987 3107 1129 3177 omniuo

134 3224 339 3299 mentionem
365 3225 523 3295 habuere.
557 3225 790 3315 Quinetiam,
818 3224 843 3292 si
873 3223 974 3291 Caius
997 3221 1129 3292 Plinius

131 3362 170 3406 ea
189 3336 319 3434 legisset
345 3364 420 3433 quae
438 3341 470 3409 in
497 3340 584 3409 libro
607 3338 826 3433 Polyhistoris
845 3336 887 3406 de
903 3339 998 3406 Mose
1020 3336 1129 3406 hono·

171 3535 212 3613 (ι)
233 3540 354 3597 Sueton.
366 3537 403 3595 de
416 3539 505 3597 illust.
520 3541 680 3598 Graminat.
691 3539 724 3595 L.
737 3539 807 3594 XX.

172 3631 211 3712 (a)
233 3634 309 3695 Ptut.
322 3634 359 3693 de
371 3639 448 3694 Mus.
460 3634 694 3715 sna-(nvn.
708 3638 789 3692 Max.
802 3637 880 3692 thl.
899 3635 944 3692 13.
1025 3680 1028 3685 .
1123 3681 1126 3684 .

172 3732 211 3810 (4)
234 3734 317 3812 Diog.
330 3739 426 3794 Laert.
435 3740 458 3794 Ι.
475 3757 520 3794 11.
533 3733 681 3794 116.11.5.
695 3732 824 3814 19.-·(5)
837 3733 944 3792 Athen.
957 3730 1066 3814 Deipu.
1077 3734 1132 3789 XI.

174 3828 215 3908 (6)
236 3831 335 3910 steph.
350 3837 418 3910 Byz.
431 3853 458 3891 v.
475 3829 607 3910 ἀκμονία,
625 3828 765 3910 dudasela,
779 3828 889 3907 γάλλος,
903 3826 1046 3908 tremores,
1059 3825 1133 3887 'lou-¹

134 3923 204 4002 duis,
217 3923 321 4007 ὅμὸροι,
334 3941 388 3988 etr.
403 3964 435 3974 ·-
449 3927 490 4010 (7)
505 3927 608 3990 Suidas
621 3927 675 3988 sub
690 3948 763 3988 voce
777 3923 879 3986 Murri.
930 4009 931 4012 Ἴ
