2534 4522
44 540 65 589 0‘

593 184 640 268 48

248 333 438 412 Αὐτογένεθλον
451 332 553 392 ἄνακτα
568 332 740 410 σεὸαζόμενοι
750 331 819 393 Θεὸν
832 335 917 412 ἁγνῶς
932 335 981 414 (ι).

176 497 316 588 Insuper
329 495 363 562 in
379 491 593 561 Zendavestae
605 491 713 579 libris,
728 517 746 560 a
760 491 956 564 doctissimo
966 495 1126 568 viroAn-

127 609 231 704 quetil
252 609 298 678 du
316 613 446 678 Perron
466 608 500 676 in
516 606 666 703 linguam
688 606 843 703 gallicam
861 612 1041 700 conversis,
1061 615 1127 681 Zo-

129 730 289 793 roastrem
304 723 345 792 de
368 722 507 793 Diluvio
524 723 575 792 his
594 722 706 791 verbis
725 722 892 793 dicentem
911 724 1126 800 invenimus:

129 869 146 904 a
160 845 209 910 La
221 839 360 909 lumiere
374 835 588 933 (d’Orrnudz)
599 835 696 907 brilla
706 862 747 905 en
764 837 1004 932 hautpendant
1014 854 1127 929 trente

131 986 147 1022 «
161 957 258 1051 jours
274 970 306 1024 et
316 970 425 1023 trente
442 955 545 1038 nuits‚
562 968 595 1022 et
613 950 634 1020 il
645 949 758 1022 donna
770 952 801 1022 la
813 952 904 1047 pluie
922 980 980 1024 sur
993 956 1126 1050 chaque

130 1103 146 1138 «
166 1097 265 1165 corps
280 1071 431 1165 pendant
446 1070 502 1138 dix
518 1070 649 1162 jours...
679 1069 819 1167 Chnque
838 1085 954 1165 goutte
970 1070 1011 1139 de
1035 1087 1127 1142 cette

88 1263 92 1287 ,
129 1217 145 1252 a
160 1212 221 1256 ean
236 1184 317 1254 ‹itait
337 1210 467 1254 comme
482 1201 546 1253 une
560 1183 688 1279 grande
707 1208 887 1278 soucoupe.
907 1191 955 1256 La
972 1201 1060 1255 terre
1075 1187 1130 1259 sut
1183 1274 1186 1279 Ι

128 1333 145 1367 a
161 1316 253 1372 toute
267 1316 426 1371 converte
440 1301 567 1371 d'eaua
584 1300 778 1369 la‘hauteur
789 1299 867 1368 d’un
879 1301 1048 1373 homme...
1062 1302 1130 1372 elle

72 1437 74 1441 ·
130 1447 148 1484 «
166 1415 303 1512 penetra
323 1417 405 1485 dans
424 1416 469 1485 les
487 1432 581 1485 trous
599 1415 640 1483 de
661 1413 691 1484 la
714 1430 813 1485 terre.
841 1418 983 1486 Ensuite
1000 1415 1030 1486 le
1048 1434 1134 1488 vent

132 1563 149 1598 a
168 1531 289 1603 celeste
304 1531 351 1627 s’y
367 1528 568 1619 e'tantmdle,
588 1530 825 1624 derndmeque
836 1530 932 1600 l’dme
944 1557 978 1601 se
989 1530 1133 1603 balance

134 1679 149 1711 a
168 1645 290 1716 dansle
302 1672 413 1740 corps,
433 1644 463 1714 le
480 1659 559 1713 vent
576 1644 687 1738 l’agita
704 1669 837 1713 comme
855 1645 937 1716 dans
953 1644 999 1715 les
1015 1645 1132 1716 nudes.

131 1793 147 1826 a
169 1762 248 1831 Puis
267 1761 419 1830 Ormudz
438 1758 604 1827 renferma
624 1774 718 1828 toute
738 1774 825 1828 cette
845 1785 906 1829 ean
918 1760 982 1856 (a).
997 1792 1013 1826 »

179 1875 274 1948 Nihil
292 1901 429 1969 prorsus
448 1875 482 1943 in
504 1875 554 1943 his
574 1874 683 1943 verbis
703 1875 800 1944 video
815 1876 906 1970 quod
928 1877 1030 1971 possit
1051 1903 1133 1946 cum

131 1992 244 2062 Berosi
267 1991 308 2059 de
324 1990 463 2060 Diluvio
483 1991 677 2058 narratione
700 1992 869 2083 componi.
891 1992 1002 2086 Quam
1023 1991 1130 2063 multa
1184 2070 1188 2076 ‚

112 2094 195 2177 'alia
218 2105 310 2201 apud
339 2105 496 2173 eumdem
526 2108 707 2189 Berosum,
735 2131 809 2199 quae
841 2131 860 2173 a
889 2104 1133 2177 Chaldaeorum

132 2222 285 2291 doctrina
318 2220 453 2313 penitus
479 2219 662 2288 abhorrent
700 2221 876 2288 inveneris.
903 2220 998 2309 Quid
1041 2225 1135 2292 enim

134 2337 176 2405 de
203 2335 375 2427 semipisce
403 2338 524 2403 Oanne
560 2333 613 2403 vel
655 2336 794 2428 cogitari
827 2333 875 2402 vel
904 2334 969 2404 dici
1000 2337 1138 2430 potest?

133 2482 148 2516 a
169 2456 265 2519 Hanc
288 2447 445 2536 belluam,
465 2451 512 2518 ait
537 2454 691 2535 Berosus,
711 2477 729 2519 e
749 2449 832 2518 mari
854 2450 1006 2544 quotidie
1027 2477 1136 2523 emer·

137 2596 153 2630 a
173 2579 324 2660 gentem,
349 2589 425 2633 cuin
456 2564 651 2633 hominibus
681 2565 802 2633 versari
831 2562 981 2651 solltam,
1010 2593 1138 2664 eosque

137 2711 153 2744 1<
173 2679 326 2748 docuisse
350 2677 478 2746 litteras
498 2693 531 2746 et
545 2679 635 2746 varia
652 2703 773 2771 genera
791 2680 927 2765 artium,
943 2679 1139 2775 descriptio·

138 2824 155 2859 a
175 2791 593 2885 nesurbium,templorum
605 2807 801 2877 structuras,
808 2793 1131 2888 jurisprudentiam,

139 2909 291 2978 «finium
318 2907 545 3002 regendorum
578 2907 765 2976 doctrinam
784 2907 847 3003 (r)
872 2939 889 2974 n
915 2911 1015 2980 Unde
1040 2929 1137 3006 patet

139 3029 296 3095 Oannem
311 3024 424 3092 omnia
439 3048 513 3117 quae
523 3025 599 3091 vitae
610 3023 1037 3114 conducebantedocuisse,
1048 3055 1135 3123 prae·
1205 3110 1208 3116 ¹

139 3140 317 3208 termisisse
336 3162 414 3206 vcro
443 3162 544 3205 unam
577 3140 834 3224 astronomiam,
860 3141 947 3209 lianc
966 3167 1133 3214 summam

136 3253 372 3324 Chaldaeorum
386 3254 583 3321 scientiam:
607 3253 763 3346 equidem
790 3253 872 3322 illud
906 3281 1038 3350 nequeo
1063 3285 1136 3330 non

139 3370 252 3438 mirari
273 3367 364 3462 quod
382 3366 468 3435 idern
490 3371 642 3453 Berosus,
662 3370 713 3435 vir
732 3370 766 3436 in
786 3373 999 3441 astronomiae
1016 3375 1134 3446 studio

138 3499 296 3570 versatus,
310 3482 352 3550 de
370 3483 471 3550 variis
486 3480 648 3550 doctrinis
662 3498 696 3548 et
714 3482 844 3550 artibus
857 3483 956 3572 dicat,
970 3487 1013 3557 de
1028 3505 1138 3561 astro·

139 3601 250 3669 nomia
289 3623 368 3667 vero
403 3596 544 3665 verbum
584 3593 716 3663 nullum
749 3595 861 3668 faciat.
894 3600 991 3671 Adde
1025 3608 1134 3698 quod,

178 3817 220 3896 (ι)
243 3818 406 3875 Athenaeus
420 3770 559 3894 ldeipnos.
575 3814 626 3873 lib.
645 3823 688 3883 tl..
705 3837 734 3894 p.
750 3819 817 3895 639.

181 3917 219 3995 (a)
242 3921 308 3974 Eos.
324 3922 414 3997 Praep.
430 3915 481 3974 lib.
493 3920 543 3974 IX.
562 3937 603 3974 10.
620 3950 655 3960 «-
666 3916 707 3994 (sl)
719 3919 958 3980 Boon-Dehasclr.
970 3926 1006 3982 11.
1018 3944 1048 4003 p.
1066 3925 1136 4004 359.
